1971 3276
1607 208 1623 218 ψ,

540 212 676 245 EPIST.
699 209 851 254 72.—31
886 211 1135 244 DECEMssms
1171 211 1253 252 1561
1605 216 1670 242 ³11

93 322 214 357 terea
232 313 346 354 mala
369 318 609 365 antequam
633 317 917 365 erumperent
936 323 1191 364 compressa
1210 316 1330 360 sunt:
1354 316 1650 363 curatumque
1674 316 1723 350 ut

93 376 212 431 furto
235 402 286 431 ac
309 388 412 429 dolo
443 387 589 428 ablata
619 386 712 428 suis
742 385 933 427 dominis
964 385 1277 435 redderentur;
1306 392 1353 426 ut
1384 384 1724 439 superstitiones

93 465 280 520 aliquae,
315 477 571 519 prauaeque
600 476 651 504 ac
686 462 954 517 pernitiosae
977 461 1331 504 consuetudines
1357 461 1635 511 tollerentur3
1676 467 1722 501 ut

92 540 373 584 concubinae
403 539 750 594 expellerentur.
778 540 908 593 Quae
939 552 1008 579 res
1032 551 1134 580 cum
1159 537 1368 579 omnibus
1399 543 1554 591 gratae
1584 549 1635 578 ac
1658 536 1720 577 iu-

93 618 266 660 cundae
290 616 469 669 fuerint,
495 624 585 657 tum
613 615 698 658 illis
723 615 855 658 utiles
874 622 918 657 et
941 614 1236 670 expetendae,
1259 614 1333 667 qui
1352 613 1608 655 huiusmodi
1627 627 1721 655 sce-

90 693 258 736 leribus
282 692 519 747 inquinati,
547 699 590 735 et
620 691 760 733 diuini
786 690 964 734 luminis
994 698 1215 746 expertes,
1242 689 1285 731 in
1316 689 1592 732 densissimis
1621 703 1722 744 pec-

91 777 292 812 catorum
329 769 526 812 tenebris
560 768 873 810 uersabantur.
907 769 1066 822 Neque
1101 767 1248 809 minus
1282 766 1473 809 officiosi
1506 779 1557 807 ac
1591 766 1721 808 utiles

92 846 230 888 nostri
253 845 431 900 saepius
455 845 655 900 expetiti,
679 845 821 900 rogati
847 852 890 887 et
914 843 1135 894 accersiti,
1164 844 1233 886 uel
1254 843 1523 885 monialibus
1541 842 1718 885 concio-

91 922 257 973 nando,
286 922 356 964 uel
381 921 660 963 moribundis
685 921 965 962 cohortando
984 922 1179 962 fuerunt.

179 1011 249 1051 40.
316 999 432 1040 Cum
457 1012 598 1052 nuper
622 997 718 1040 eius
748 997 943 1039 ciuitatis
971 997 1209 1051 episcopus
1239 996 1423 1039 obiisset
1449 995 1498 1046 ¹⁷,
1526 1009 1642 1037 unus
1666 1009 1720 1037 ex

90 1075 252 1117 nostris
279 1074 504 1129 Patribus,
532 1081 722 1116 coactus
745 1074 953 1129 precibus
985 1080 1282 1127 cognatorum
1306 1072 1525 1123 defuncti,
1550 1071 1720 1114 contio·

91 1166 191 1194 nem
217 1152 260 1193 in
283 1151 380 1194 eius
405 1152 561 1193 funere
595 1151 751 1192 habuit
781 1150 824 1191 in
859 1164 1035 1192 summo
1065 1150 1253 1204 templo,
1281 1149 1335 1191 ad
1366 1163 1498 1203 quam
1531 1148 1719 1190 audien-

89 1228 190 1270 dam
215 1228 456 1271 uniuersus
480 1229 671 1283 populus
689 1227 922 1270 conuenit.
945 1226 1167 1281 Quamuis
1186 1233 1335 1268 autem
1356 1226 1410 1268 de
1428 1233 1620 1275 mortuo,
1643 1239 1716 1268 ue-

93 1311 341 1347 rumtarnen
365 1319 455 1347 non
479 1311 656 1346 mortuo
690 1309 756 1357 (ut
790 1303 968 1358 dicitur)
998 1304 1135 1346 uerba
1167 1304 1283 1345 facta
1314 1302 1451 1344 fuisse
1476 1301 1719 1345 declarauit

88 1389 296 1423 euentus:
325 1395 427 1422 nam
452 1381 677 1423 demortui
698 1379 1025 1435 consanguinei
1059 1380 1193 1434 paulo
1216 1388 1317 1434 post
1340 1378 1503 1421 nostris
1525 1378 1717 1421 confessi

91 1464 211 1512 sunt,
237 1458 357 1511 quod
380 1459 570 1500 antehac
594 1456 855 1511 neutiquam
881 1456 1118 1499 faciebant.

183 1535 256 1576 Ad
278 1534 564 1575 concordiam
596 1533 722 1575 multi
756 1532 956 1575 reuocati
984 1540 1089 1574 sunt
1118 1532 1194 1587 qui
1227 1532 1439 1573 diuturno
1469 1531 1717 1587 et‘capitali

90 1610 193 1652 odio
216 1610 332 1653 inter
356 1625 403 1653 se
425 1610 693 1664 flagrabant;
722 1623 917 1663 cumque
935 1610 1083 1664 plures
1101 1609 1156 1650 ad
1176 1610 1336 1650 horum
1355 1608 1544 1663 gratiam
1565 1622 1718 1650 recon-

91 1687 326 1728 ciliandam
352 1686 557 1741 aggressi
586 1693 759 1738 essent,
792 1687 956 1727 frustra
985 1685 1134 1727 omnia
1166 1684 1358 1740 experti;
1387 1692 1434 1745 ut
1463 1685 1519 1727 ad
1543 1691 1718 1726 nostros
1762 1692 1766 1696 ’

92 1763 271 1805 tandem
301 1762 533 1816 negotium
572 1762 845 1812 detulerunt,
880 1763 976 1804 Deo
1013 1761 1330 1812 adiutore,·res
1364 1760 1578 1803 foeliciter
1608 1774 1715 1802 con-

92 1839 206 1882 fecta
243 1846 325 1881 est.
368 1840 484 1881 Tota
526 1838 720 1892 denique
759 1838 935 1891 ciuitas,
973 1844 1149 1879 nostros
1188 1851 1363 1879 summa
1400 1836 1716 1880 beneuolentia

90 1915 299 1957 obseruat
322 1921 373 1957 ac
396 1915 517 1967 colit,
542 1922 586 1958 et
609 1914 653 1956 in
678 1916 814 1958 rebus
837 1914 985 1957 dubiis
1014 1928 1065 1956 ac
1094 1913 1354 1955 difficilibus
1383 1912 1591 1956 consulit.
1620 1913 1714 1956 Ne-

91 2005 176 2045 que
198 1992 321 2034 ciues
359 1992 503 2033 solum
543 1993 627 2034 hoc
667 1991 851 2044 faciunt,
892 1992 971 2034 sed
1011 1991 1143 2034 etiam
1169 1990 1324 2032 rustici
1359 2004 1410 2032 ac
1434 1989 1612 2045 pagani,
1641 1989 1716 2043 qui

90 2082 144 2110 ex
168 2067 381 2122 proximis
404 2067 599 2111 castellis
622 2082 673 2111 ac
695 2069 825 2123 pagis
848 2083 899 2111 ea
930 2068 985 2110 de
1009 2081 1144 2110 causa
1174 2074 1353 2109 nostros
1379 2080 1513 2121 saepe
1541 2080 1713 2108 conue-

91 2144 234 2188 niunt.

178 2233 249 2274 41.
319 2221 482 2263 Paucis
504 2228 608 2263 ante
631 2220 791 2263 diebus
813 2222 1001 2263 honesta
1030 2220 1247 2274 quaedam
1273 2218 1446 2269 mulier,
1473 2219 1528 2260 de
1551 2232 1603 2261 eo
1627 2218 1713 2260 col·

91 2296 208 2352 legio
231 2297 397 2352 optime
430 2297 608 2348 merita,
635 2312 658 2340 e
691 2296 781 2339 uita
811 2296 1032 2340 discessit.
1071 2297 1198 2338 Haec
1232 2295 1426 2338 moriens
1458 2309 1511 2337 eo
1542 2301 1715 2336 tantum

91 2373 174 2415 sibi
196 2381 386 2417 mortem
410 2387 595 2428 grauem
621 2387 719 2416 esse
749 2373 941 2427 dicebat,
975 2373 1093 2427 quod
1125 2379 1346 2415 metueret
1369 2386 1424 2413 ne
1455 2370 1618 2412 nostris
1641 2370 1715 2411 ali-

91 2450 269 2503 quando
291 2449 523 2492 defuisset:
550 2449 594 2491 id
617 2449 737 2504 quod
759 2449 893 2491 etiam
917 2450 1022 2491 dum
1050 2448 1223 2491 uiueret
1241 2447 1445 2490 dictitare
1468 2460 1715 2489 consueue-

91 2532 170 2578 rat,
195 2525 384 2568 sollicita
407 2539 581 2581 semper
603 2526 659 2568 de
683 2525 890 2581 collegio,
921 2532 967 2567 ut
992 2538 1107 2579 quae
1131 2531 1332 2566 materno
1356 2523 1518 2565 affectu
1538 2529 1716 2564 nostros

143 2700 170 2720 ¹⁷
221 2700 443 2735 Secundum
465 2702 618 2746 EUBEL,
639 2701 711 2744 III,
735 2709 813 2745 119,
841 2707 878 2735 et
901 2701 1106 2742 UGHELLI,
1134 2700 1256 2734 Italia
1277 2709 1406 2739 sacra,
1428 2698 1457 2741 I,
1478 2697 1561 2740 301,
1582 2696 1716 2732 ameri-

91 2769 162 2793 nus
180 2770 250 2793 seu
269 2759 494 2793 ameriensis
514 2760 722 2805 episcopus
742 2769 840 2794 anno
863 2759 947 2802 1561
976 2763 1058 2792 erat
1082 2756 1225 2792 Baldus
1252 2757 1488 2800 Ferratinus,
1509 2756 1574 2801 qui
1593 2755 1717 2790 adhuc

90 2823 285 2861 superstes
304 2829 404 2853 anno
426 2819 530 2863 1562,
550 2820 816 2864 episcopatum
836 2817 1066 2863 resignavit,
1089 2822 1128 2852 et
1150 2819 1278 2863 plures
1305 2815 1446 2850 deinde
1465 2826 1584 2850 annos
1603 2815 1715 2850 vixit.

92 2875 268 2910 Fortasse
287 2882 422 2921 agatur
440 2877 488 2911 de
507 2883 627 2912 morte
649 2877 808 2922 Joannis
836 2877 1029 2911 Dominici
1057 2876 1105 2911 de
1132 2875 1406 2918 Morieonibus,
1424 2875 1498 2921 ‚qui
1524 2874 1716 2910 amerinus

90 2933 292 2980 episcopus
306 2934 442 2980 fuerat,
461 2942 499 2970 et
515 2947 614 2971 anno
631 2937 720 2980 1558
735 2937 834 2970 ultro
849 2947 890 2970 se
907 2946 1066 2970 munere
1086 2940 1260 2969 exuerat.
1279 2934 1432 2976 EUBEL,
1453 2939 1492 2968 et
1510 2934 1717 2976 UGHELL1‚

91 2991 162 3028 loc.
193 2993 273 3037 cit„
295 2994 360 3039 qui
379 3000 509 3029 tamen
528 2993 575 3028 de
597 3000 718 3029 morte
739 2994 899 3039 Joannis
919 2993 1111 3028 Dominici
1130 2993 1259 3029 silent.
