<?xml version="1.0" encoding="UTF-8"?>
<!DOCTYPE html PUBLIC "-//W3C//DTD XHTML 1.0 Transitional//EN"
    "http://www.w3.org/TR/xhtml1/DTD/xhtml1-transitional.dtd">
<html xmlns="http://www.w3.org/1999/xhtml" xml:lang="en" lang="en">
 <head>
  <title>
</title>
<meta http-equiv="Content-Type" content="text/html;charset=utf-8" />
  <meta name='ocr-system' content='tesseract 3.04.00' />
  <meta name='ocr-capabilities' content='ocr_page ocr_carea ocr_par ocr_line ocrx_word'/>
</head>
<body>
  <div class='ocr_page' id='page_1' title='image "./polancicomplemen06pola_0332.png"; bbox 0 0 1971 3276; ppageno 0'>
   <div class='ocr_carea' id='block_1_1' title="bbox 334 213 1363 257">
    <p class='ocr_par' dir='ltr' id='par_1_1' title="bbox 334 213 1363 257">
     <span class='ocr_line' id='line_1_1' title="bbox 334 213 1363 257; baseline 0 -10"><span class='ocrx_word' id='word_1_1' title='bbox 334 222 402 257; x_wconf 87' lang='lat'>290</span> <span class='ocrx_word' id='word_1_2' title='bbox 834 213 1020 248; x_wconf 77' lang='lat' dir='ltr'>POLANCI</span> <span class='ocrx_word' id='word_1_3' title='bbox 1047 220 1363 247; x_wconf 82' lang='lat' dir='ltr'><strong>COMPLEMENTA</strong></span> 
     </span>
    </p>
   </div>
   <div class='ocr_carea' id='block_1_2' title="bbox 281 313 1971 2741">
    <p class='ocr_par' dir='ltr' id='par_1_2' title="bbox 281 313 1924 1596">
     <span class='ocr_line' id='line_1_2' title="bbox 285 313 1918 369; baseline -0.001 -13"><span class='ocrx_word' id='word_1_4' title='bbox 285 329 550 366; x_wconf 86' lang='lat' dir='ltr'>conuersus,</span> <span class='ocrx_word' id='word_1_5' title='bbox 590 314 840 369; x_wconf 82' lang='lat' dir='ltr'>«quoniam,</span> <span class='ocrx_word' id='word_1_6' title='bbox 870 313 1029 367; x_wconf 90' lang='lat' dir='ltr'>inquit,</span> <span class='ocrx_word' id='word_1_7' title='bbox 1063 320 1296 368; x_wconf 80' lang='lat' dir='ltr'>tantopere</span> <span class='ocrx_word' id='word_1_8' title='bbox 1331 327 1431 357; x_wconf 93' lang='lat' dir='ltr'>meo</span> <span class='ocrx_word' id='word_1_9' title='bbox 1460 313 1644 357; x_wconf 89' lang='lat' dir='ltr'>interitu</span> <span class='ocrx_word' id='word_1_10' title='bbox 1674 314 1918 364; x_wconf 83' lang='lat' dir='ltr'>laetamini,</span> 
     </span>
     <span class='ocr_line' id='line_1_3' title="bbox 284 389 1919 445; baseline -0.001 -12"><span class='ocrx_word' id='word_1_11' title='bbox 284 405 340 433; x_wconf 91' lang='lat' dir='ltr'>en</span> <span class='ocrx_word' id='word_1_12' title='bbox 365 406 486 434; x_wconf 87' lang='lat' dir='ltr'>nune</span> <span class='ocrx_word' id='word_1_13' title='bbox 510 406 653 435; x_wconf 89' lang='lat' dir='ltr'>meam</span> <span class='ocrx_word' id='word_1_14' title='bbox 678 391 870 433; x_wconf 89' lang='lat' dir='ltr'>animam</span> <span class='ocrx_word' id='word_1_15' title='bbox 892 389 1098 433; x_wconf 81' lang='lat' dir='ltr'>daemoni</span> <span class='ocrx_word' id='word_1_16' title='bbox 1121 390 1286 444; x_wconf 82' lang='lat' dir='ltr'>dedo›&gt;;</span> <span class='ocrx_word' id='word_1_17' title='bbox 1310 396 1418 432; x_wconf 89' lang='lat' dir='ltr'>tunc</span> <span class='ocrx_word' id='word_1_18' title='bbox 1437 389 1541 433; x_wconf 90' lang='lat' dir='ltr'>inde</span> <span class='ocrx_word' id='word_1_19' title='bbox 1560 404 1608 432; x_wconf 90' lang='lat' dir='ltr'>se</span> <span class='ocrx_word' id='word_1_20' title='bbox 1631 389 1919 445; x_wconf 86' lang='lat' dir='ltr'>praecipitem</span> 
     </span>
     <span class='ocr_line' id='line_1_4' title="bbox 283 466 1922 521; baseline -0.001 -11"><span class='ocrx_word' id='word_1_21' title='bbox 283 468 419 521; x_wconf 83' lang='lat' dir='ltr'>dedit,</span> <span class='ocrx_word' id='word_1_22' title='bbox 449 469 676 510; x_wconf 91' lang='lat' dir='ltr'>diabolum</span> <span class='ocrx_word' id='word_1_23' title='bbox 704 467 952 510; x_wconf 82' lang='lat' dir='ltr'>inclamans</span> <span class='ocrx_word' id='word_1_24' title='bbox 991 473 1036 509; x_wconf 93' lang='lat' dir='ltr'>et</span> <span class='ocrx_word' id='word_1_25' title='bbox 1069 472 1278 521; x_wconf 89' lang='lat' dir='ltr'>repetens</span> <span class='ocrx_word' id='word_1_26' title='bbox 1313 466 1424 508; x_wconf 92' lang='lat' dir='ltr'>illud</span> <span class='ocrx_word' id='word_1_27' title='bbox 1462 480 1515 508; x_wconf 85' lang='lat' dir='ltr'>«o</span> <span class='ocrx_word' id='word_1_28' title='bbox 1539 466 1730 520; x_wconf 86' lang='lat' dir='ltr'>diabole,</span> <span class='ocrx_word' id='word_1_29' title='bbox 1766 466 1922 521; x_wconf 82' lang='lat' dir='ltr'>excipe</span> 
     </span>
     <span class='ocr_line' id='line_1_5' title="bbox 284 542 1917 600; baseline -0.002 -13"><span class='ocrx_word' id='word_1_30' title='bbox 284 545 478 587; x_wconf 89' lang='lat' dir='ltr'>animam</span> <span class='ocrx_word' id='word_1_31' title='bbox 502 552 547 587; x_wconf 93' lang='lat' dir='ltr'>et</span> <span class='ocrx_word' id='word_1_32' title='bbox 569 558 732 600; x_wconf 89' lang='lat' dir='ltr'>corpus</span> <span class='ocrx_word' id='word_1_33' title='bbox 754 557 950 587; x_wconf 80' lang='lat' dir='ltr'>meum».</span> <span class='ocrx_word' id='word_1_34' title='bbox 978 543 1063 586; x_wconf 92' lang='lat' dir='ltr'>Dei</span> <span class='ocrx_word' id='word_1_35' title='bbox 1081 542 1379 597; x_wconf 81' lang='lat' dir='ltr'>benignitate,</span> <span class='ocrx_word' id='word_1_36' title='bbox 1407 557 1521 597; x_wconf 88' lang='lat' dir='ltr'>quae</span> <span class='ocrx_word' id='word_1_37' title='bbox 1545 557 1723 585; x_wconf 90' lang='lat' dir='ltr'>ornnem</span> <span class='ocrx_word' id='word_1_38' title='bbox 1748 550 1917 585; x_wconf 88' lang='lat' dir='ltr'>morta-</span> 
     </span>
     <span class='ocr_line' id='line_1_6' title="bbox 282 620 1919 677; baseline -0.001 -14"><span class='ocrx_word' id='word_1_39' title='bbox 282 622 390 664; x_wconf 86' lang='lat' dir='ltr'>lium</span> <span class='ocrx_word' id='word_1_40' title='bbox 414 621 743 677; x_wconf 85' lang='lat' dir='ltr'>improbitatem</span> <span class='ocrx_word' id='word_1_41' title='bbox 766 626 964 675; x_wconf 88' lang='lat' dir='ltr'>superat,</span> <span class='ocrx_word' id='word_1_42' title='bbox 993 621 1160 662; x_wconf 82' lang='lat' dir='ltr'>factum</span> <span class='ocrx_word' id='word_1_43' title='bbox 1189 626 1256 663; x_wconf 87' lang='lat' dir='ltr'>est</span> <span class='ocrx_word' id='word_1_44' title='bbox 1280 634 1336 662; x_wconf 93' lang='lat' dir='ltr'>ne</span> <span class='ocrx_word' id='word_1_45' title='bbox 1360 620 1432 662; x_wconf 76' lang='lat' dir='ltr'>hic</span> <span class='ocrx_word' id='word_1_46' title='bbox 1457 620 1590 662; x_wconf 92' lang='lat' dir='ltr'>miser</span> <span class='ocrx_word' id='word_1_47' title='bbox 1613 635 1666 663; x_wconf 91' lang='lat' dir='ltr'>eo</span> <span class='ocrx_word' id='word_1_48' title='bbox 1697 634 1804 662; x_wconf 87' lang='lat' dir='ltr'>casu</span> <span class='ocrx_word' id='word_1_49' title='bbox 1827 634 1919 661; x_wconf 90' lang='lat' dir='ltr'>mo-</span> 
     </span>
     <span class='ocr_line' id='line_1_7' title="bbox 286 696 1919 752; baseline -0.001 -13"><span class='ocrx_word' id='word_1_50' title='bbox 286 705 473 742; x_wconf 90' lang='lat' dir='ltr'>reretur.</span> <span class='ocrx_word' id='word_1_51' title='bbox 500 697 653 740; x_wconf 90' lang='lat' dir='ltr'>Nihilo</span> <span class='ocrx_word' id='word_1_52' title='bbox 677 704 825 740; x_wconf 88' lang='lat' dir='ltr'>tamen</span> <span class='ocrx_word' id='word_1_53' title='bbox 849 696 1002 738; x_wconf 89' lang='lat' dir='ltr'>sanior</span> <span class='ocrx_word' id='word_1_54' title='bbox 1021 697 1185 747; x_wconf 87' lang='lat' dir='ltr'>factus,</span> <span class='ocrx_word' id='word_1_55' title='bbox 1208 696 1326 740; x_wconf 88' lang='lat' dir='ltr'>idern</span> <span class='ocrx_word' id='word_1_56' title='bbox 1344 697 1524 752; x_wconf 89' lang='lat' dir='ltr'>saepius</span> <span class='ocrx_word' id='word_1_57' title='bbox 1544 696 1752 747; x_wconf 90' lang='lat' dir='ltr'>tentauit,</span> <span class='ocrx_word' id='word_1_58' title='bbox 1775 698 1919 739; x_wconf 88' lang='lat' dir='ltr'>Deum</span> 
     </span>
     <span class='ocr_line' id='line_1_8' title="bbox 285 773 1919 829; baseline -0.001 -12"><span class='ocrx_word' id='word_1_59' title='bbox 285 775 500 817; x_wconf 89' lang='lat' dir='ltr'>conuiciis</span> <span class='ocrx_word' id='word_1_60' title='bbox 528 778 596 829; x_wconf 90' lang='lat' dir='ltr'>(ut</span> <span class='ocrx_word' id='word_1_61' title='bbox 625 775 811 829; x_wconf 83' lang='lat' dir='ltr'>solebat)</span> <span class='ocrx_word' id='word_1_62' title='bbox 841 774 1092 825; x_wconf 90' lang='lat' dir='ltr'>incessens,</span> <span class='ocrx_word' id='word_1_63' title='bbox 1116 781 1161 815; x_wconf 89' lang='lat' dir='ltr'>et</span> <span class='ocrx_word' id='word_1_64' title='bbox 1189 774 1417 816; x_wconf 87' lang='lat' dir='ltr'>diabolum</span> <span class='ocrx_word' id='word_1_65' title='bbox 1454 773 1738 818; x_wconf 83' lang='lat' dir='ltr'>continenter</span> <span class='ocrx_word' id='word_1_66' title='bbox 1768 775 1919 829; x_wconf 89' lang='lat' dir='ltr'>appel-</span> 
     </span>
     <span class='ocr_line' id='line_1_9' title="bbox 281 850 1922 906; baseline 0 -13"><span class='ocrx_word' id='word_1_67' title='bbox 281 851 399 896; x_wconf 89' lang='lat' dir='ltr'>lans.</span> <span class='ocrx_word' id='word_1_68' title='bbox 433 852 635 895; x_wconf 88' lang='lat' dir='ltr'>Tandem</span> <span class='ocrx_word' id='word_1_69' title='bbox 670 851 826 893; x_wconf 89' lang='lat' dir='ltr'>diuino</span> <span class='ocrx_word' id='word_1_70' title='bbox 854 858 969 893; x_wconf 86' lang='lat' dir='ltr'>nutu</span> <span class='ocrx_word' id='word_1_71' title='bbox 999 850 1055 892; x_wconf 92' lang='lat' dir='ltr'>ad</span> <span class='ocrx_word' id='word_1_72' title='bbox 1084 858 1266 893; x_wconf 89' lang='lat' dir='ltr'>nostros</span> <span class='ocrx_word' id='word_1_73' title='bbox 1299 851 1545 906; x_wconf 83' lang='lat' dir='ltr'>perductus</span> <span class='ocrx_word' id='word_1_74' title='bbox 1569 858 1613 894; x_wconf 92' lang='lat' dir='ltr'>et</span> <span class='ocrx_word' id='word_1_75' title='bbox 1643 850 1781 893; x_wconf 89' lang='lat' dir='ltr'>totius</span> <span class='ocrx_word' id='word_1_76' title='bbox 1801 850 1922 893; x_wconf 91' lang='lat' dir='ltr'>uitae</span> 
     </span>
     <span class='ocr_line' id='line_1_10' title="bbox 286 928 1919 984; baseline -0.001 -12"><span class='ocrx_word' id='word_1_77' title='bbox 286 937 471 984; x_wconf 89' lang='lat' dir='ltr'>peccata</span> <span class='ocrx_word' id='word_1_78' title='bbox 493 928 745 979; x_wconf 89' lang='lat' dir='ltr'>confessus,</span> <span class='ocrx_word' id='word_1_79' title='bbox 771 928 816 970; x_wconf 93' lang='lat' dir='ltr'>in</span> <span class='ocrx_word' id='word_1_80' title='bbox 841 928 958 971; x_wconf 91' lang='lat' dir='ltr'>uiam</span> <span class='ocrx_word' id='word_1_81' title='bbox 984 929 1159 980; x_wconf 86' lang='lat' dir='ltr'>salutis,</span> <span class='ocrx_word' id='word_1_82' title='bbox 1184 929 1303 971; x_wconf 90' lang='lat' dir='ltr'>unde</span> <span class='ocrx_word' id='word_1_83' title='bbox 1325 928 1403 970; x_wconf 91' lang='lat' dir='ltr'>diu</span> <span class='ocrx_word' id='word_1_84' title='bbox 1429 928 1612 983; x_wconf 91' lang='lat' dir='ltr'>perditis</span> <span class='ocrx_word' id='word_1_85' title='bbox 1636 928 1757 972; x_wconf 87' lang='lat' dir='ltr'>uitae</span> <span class='ocrx_word' id='word_1_86' title='bbox 1781 929 1919 971; x_wconf 87' lang='lat' dir='ltr'>ratio—</span> 
     </span>
     <span class='ocr_line' id='line_1_11' title="bbox 288 1005 1920 1061; baseline 0 -13"><span class='ocrx_word' id='word_1_87' title='bbox 288 1006 420 1048; x_wconf 80' lang='lat' dir='ltr'>nibus</span> <span class='ocrx_word' id='word_1_88' title='bbox 442 1007 745 1060; x_wconf 89' lang='lat' dir='ltr'>aberrauerat,</span> <span class='ocrx_word' id='word_1_89' title='bbox 772 1005 917 1049; x_wconf 91' lang='lat' dir='ltr'>rediit.</span> <span class='ocrx_word' id='word_1_90' title='bbox 948 1007 1051 1048; x_wconf 91' lang='lat' dir='ltr'>Non</span> <span class='ocrx_word' id='word_1_91' title='bbox 1075 1006 1320 1048; x_wconf 89' lang='lat' dir='ltr'>defuerunt</span> <span class='ocrx_word' id='word_1_92' title='bbox 1345 1005 1540 1059; x_wconf 90' lang='lat' dir='ltr'>quicum</span> <span class='ocrx_word' id='word_1_93' title='bbox 1559 1006 1721 1049; x_wconf 90' lang='lat' dir='ltr'>caedes</span> <span class='ocrx_word' id='word_1_94' title='bbox 1745 1006 1920 1061; x_wconf 64' lang='lat' dir='ltr'>propin»</span> 
     </span>
     <span class='ocr_line' id='line_1_12' title="bbox 286 1081 1920 1138; baseline 0 -13"><span class='ocrx_word' id='word_1_95' title='bbox 286 1097 477 1137; x_wconf 90' lang='lat' dir='ltr'>quorum</span> <span class='ocrx_word' id='word_1_96' title='bbox 501 1083 653 1125; x_wconf 91' lang='lat' dir='ltr'>ulcisci</span> <span class='ocrx_word' id='word_1_97' title='bbox 677 1083 975 1137; x_wconf 77' lang='lat' dir='ltr'>destinarent,</span> <span class='ocrx_word' id='word_1_98' title='bbox 1002 1082 1203 1124; x_wconf 89' lang='lat' dir='ltr'>oratione</span> <span class='ocrx_word' id='word_1_99' title='bbox 1226 1089 1272 1124; x_wconf 90' lang='lat' dir='ltr'>et</span> <span class='ocrx_word' id='word_1_100' title='bbox 1301 1081 1523 1124; x_wconf 90' lang='lat' dir='ltr'>industria</span> <span class='ocrx_word' id='word_1_101' title='bbox 1546 1089 1801 1124; x_wconf 89' lang='lat' dir='ltr'>nostrorum</span> <span class='ocrx_word' id='word_1_102' title='bbox 1826 1084 1920 1138; x_wconf 90' lang='lat' dir='ltr'>pla-</span> 
     </span>
     <span class='ocr_line' id='line_1_13' title="bbox 289 1159 1923 1211; baseline 0.001 -10"><span class='ocrx_word' id='word_1_103' title='bbox 289 1159 392 1211; x_wconf 89' lang='lat' dir='ltr'>cati,</span> <span class='ocrx_word' id='word_1_104' title='bbox 418 1159 608 1202; x_wconf 90' lang='lat' dir='ltr'>inimicis</span> <span class='ocrx_word' id='word_1_105' title='bbox 630 1159 815 1201; x_wconf 89' lang='lat' dir='ltr'>iniurias</span> <span class='ocrx_word' id='word_1_106' title='bbox 837 1159 1147 1211; x_wconf 88' lang='lat' dir='ltr'>condonarint‚</span> <span class='ocrx_word' id='word_1_107' title='bbox 1169 1166 1214 1201; x_wconf 93' lang='lat' dir='ltr'>et</span> <span class='ocrx_word' id='word_1_108' title='bbox 1233 1160 1288 1201; x_wconf 92' lang='lat' dir='ltr'>ad</span> <span class='ocrx_word' id='word_1_109' title='bbox 1307 1173 1478 1201; x_wconf 86' lang='lat' dir='ltr'>sacram</span> <span class='ocrx_word' id='word_1_110' title='bbox 1498 1159 1826 1202; x_wconf 86' lang='lat' dir='ltr'>confessionem</span> <span class='ocrx_word' id='word_1_111' title='bbox 1852 1174 1923 1202; x_wconf 84' lang='lat' dir='ltr'>ac·</span> 
     </span>
     <span class='ocr_line' id='line_1_14' title="bbox 289 1235 1921 1291; baseline 0 -13"><span class='ocrx_word' id='word_1_112' title='bbox 289 1236 520 1289; x_wconf 82' lang='lat' dir='ltr'>cesserint,</span> <span class='ocrx_word' id='word_1_113' title='bbox 546 1236 715 1290; x_wconf 81' lang='lat' dir='ltr'>gratias</span> <span class='ocrx_word' id='word_1_114' title='bbox 737 1243 927 1291; x_wconf 84' lang='lat' dir='ltr'>agentes</span> <span class='ocrx_word' id='word_1_115' title='bbox 949 1237 1064 1287; x_wconf 93' lang='lat' dir='ltr'>Deo,</span> <span class='ocrx_word' id='word_1_116' title='bbox 1092 1236 1221 1277; x_wconf 89' lang='lat' dir='ltr'>cuius</span> <span class='ocrx_word' id='word_1_117' title='bbox 1252 1235 1474 1278; x_wconf 86' lang='lat' dir='ltr'>beneficio</span> <span class='ocrx_word' id='word_1_118' title='bbox 1505 1250 1687 1279; x_wconf 87' lang='lat' dir='ltr'>omnem</span> <span class='ocrx_word' id='word_1_119' title='bbox 1718 1236 1921 1278; x_wconf 87' lang='lat' dir='ltr'>simulta-</span> 
     </span>
     <span class='ocr_line' id='line_1_15' title="bbox 292 1311 1924 1368; baseline 0 -14"><span class='ocrx_word' id='word_1_120' title='bbox 292 1319 379 1355; x_wconf 91' lang='lat' dir='ltr'>tem</span> <span class='ocrx_word' id='word_1_121' title='bbox 404 1320 448 1354; x_wconf 90' lang='lat' dir='ltr'>et</span> <span class='ocrx_word' id='word_1_122' title='bbox 470 1312 827 1368; x_wconf 76' lang='lat' dir='ltr'>indignationem</span> <span class='ocrx_word' id='word_1_123' title='bbox 849 1327 904 1355; x_wconf 86' lang='lat' dir='ltr'>ex</span> <span class='ocrx_word' id='word_1_124' title='bbox 923 1312 1073 1354; x_wconf 89' lang='lat' dir='ltr'>animo</span> <span class='ocrx_word' id='word_1_125' title='bbox 1091 1312 1377 1355; x_wconf 88' lang='lat' dir='ltr'>abiecissent.</span> <span class='ocrx_word' id='word_1_126' title='bbox 1402 1313 1568 1354; x_wconf 87' lang='lat' dir='ltr'>Eadem</span> <span class='ocrx_word' id='word_1_127' title='bbox 1588 1311 1823 1367; x_wconf 86' lang='lat' dir='ltr'>diligentia</span> <span class='ocrx_word' id='word_1_128' title='bbox 1847 1326 1924 1354; x_wconf 90' lang='lat' dir='ltr'>cu-</span> 
     </span>
     <span class='ocr_line' id='line_1_16' title="bbox 293 1388 1920 1443; baseline -0.001 -12"><span class='ocrx_word' id='word_1_129' title='bbox 293 1396 435 1431; x_wconf 90' lang='lat' dir='ltr'>ratum</span> <span class='ocrx_word' id='word_1_130' title='bbox 470 1396 537 1432; x_wconf 91' lang='lat' dir='ltr'>est</span> <span class='ocrx_word' id='word_1_131' title='bbox 571 1396 619 1431; x_wconf 93' lang='lat' dir='ltr'>ut</span> <span class='ocrx_word' id='word_1_132' title='bbox 652 1396 748 1431; x_wconf 87' lang='lat' dir='ltr'>orta</span> <span class='ocrx_word' id='word_1_133' title='bbox 781 1389 896 1432; x_wconf 90' lang='lat' dir='ltr'>inter</span> <span class='ocrx_word' id='word_1_134' title='bbox 930 1389 1147 1443; x_wconf 88' lang='lat' dir='ltr'>quosdam</span> <span class='ocrx_word' id='word_1_135' title='bbox 1182 1388 1420 1439; x_wconf 82' lang='lat' dir='ltr'>discordia,</span> <span class='ocrx_word' id='word_1_136' title='bbox 1457 1402 1513 1430; x_wconf 85' lang='lat' dir='ltr'>ex</span> <span class='ocrx_word' id='word_1_137' title='bbox 1551 1403 1639 1442; x_wconf 91' lang='lat' dir='ltr'>qua</span> <span class='ocrx_word' id='word_1_138' title='bbox 1678 1388 1920 1430; x_wconf 86' lang='lat' dir='ltr'>multorum</span> 
     </span>
     <span class='ocr_line' id='line_1_17' title="bbox 293 1464 1922 1519; baseline -0.001 -11"><span class='ocrx_word' id='word_1_139' title='bbox 293 1466 455 1508; x_wconf 90' lang='lat' dir='ltr'>caedes</span> <span class='ocrx_word' id='word_1_140' title='bbox 477 1465 644 1508; x_wconf 90' lang='lat' dir='ltr'>oritura</span> <span class='ocrx_word' id='word_1_141' title='bbox 668 1464 920 1518; x_wconf 85' lang='lat' dir='ltr'>uidebatur,</span> <span class='ocrx_word' id='word_1_142' title='bbox 944 1466 1194 1516; x_wconf 87' lang='lat' dir='ltr'>sedaretur,</span> <span class='ocrx_word' id='word_1_143' title='bbox 1227 1471 1271 1507; x_wconf 88' lang='lat' dir='ltr'>et</span> <span class='ocrx_word' id='word_1_144' title='bbox 1300 1464 1376 1519; x_wconf 89' lang='lat' dir='ltr'>qui</span> <span class='ocrx_word' id='word_1_145' title='bbox 1405 1465 1622 1508; x_wconf 89' lang='lat' dir='ltr'>aduersae</span> <span class='ocrx_word' id='word_1_146' title='bbox 1653 1465 1766 1519; x_wconf 85' lang='lat' dir='ltr'>parti</span> <span class='ocrx_word' id='word_1_147' title='bbox 1795 1465 1922 1507; x_wconf 89' lang='lat' dir='ltr'>cede-</span> 
     </span>
     <span class='ocr_line' id='line_1_18' title="bbox 294 1541 1829 1596; baseline 0.001 -13"><span class='ocrx_word' id='word_1_148' title='bbox 294 1555 339 1583; x_wconf 89' lang='lat' dir='ltr'>re</span> <span class='ocrx_word' id='word_1_149' title='bbox 362 1541 714 1596; x_wconf 88' lang='lat' dir='ltr'>pertinacissime</span> <span class='ocrx_word' id='word_1_150' title='bbox 737 1548 983 1593; x_wconf 85' lang='lat' dir='ltr'>recusarat,</span> <span class='ocrx_word' id='word_1_151' title='bbox 1009 1541 1046 1584; x_wconf 90' lang='lat' dir='ltr'>is</span> <span class='ocrx_word' id='word_1_152' title='bbox 1070 1541 1247 1584; x_wconf 86' lang='lat' dir='ltr'>ueniam</span> <span class='ocrx_word' id='word_1_153' title='bbox 1273 1549 1428 1596; x_wconf 90' lang='lat' dir='ltr'>postea</span> <span class='ocrx_word' id='word_1_154' title='bbox 1453 1541 1617 1584; x_wconf 85' lang='lat' dir='ltr'>obnixe</span> <span class='ocrx_word' id='word_1_155' title='bbox 1642 1549 1829 1596; x_wconf 88' lang='lat' dir='ltr'>peteret.</span> 
     </span>
    </p>

    <p class='ocr_par' dir='ltr' id='par_1_3' title="bbox 292 1617 1924 1980">
     <span class='ocr_line' id='line_1_19' title="bbox 388 1617 1924 1674; baseline -0.002 -13"><span class='ocrx_word' id='word_1_156' title='bbox 388 1630 452 1661; x_wconf 88' lang='grc' dir='ltr'>ΙΙ.</span> <span class='ocrx_word' id='word_1_157' title='bbox 520 1618 589 1662; x_wconf 92' lang='lat' dir='ltr'>De</span> <span class='ocrx_word' id='word_1_158' title='bbox 612 1618 828 1674; x_wconf 87' lang='lat' dir='ltr'>pecuniae</span> <span class='ocrx_word' id='word_1_159' title='bbox 858 1619 1092 1672; x_wconf 84' lang='lat' dir='ltr'>famaeque</span> <span class='ocrx_word' id='word_1_160' title='bbox 1121 1617 1506 1672; x_wconf 87' lang='lat' dir='ltr'>restitutionibus,</span> <span class='ocrx_word' id='word_1_161' title='bbox 1539 1632 1654 1672; x_wconf 92' lang='lat' dir='ltr'>quae</span> <span class='ocrx_word' id='word_1_162' title='bbox 1681 1618 1789 1660; x_wconf 90' lang='lat' dir='ltr'>satis</span> <span class='ocrx_word' id='word_1_163' title='bbox 1812 1618 1924 1659; x_wconf 93' lang='lat' dir='ltr'>mul-</span> 
     </span>
     <span class='ocr_line' id='line_1_20' title="bbox 296 1693 1904 1749; baseline -0.001 -13"><span class='ocrx_word' id='word_1_164' title='bbox 296 1701 367 1737; x_wconf 91' lang='lat' dir='ltr'>tae</span> <span class='ocrx_word' id='word_1_165' title='bbox 389 1702 434 1737; x_wconf 91' lang='lat' dir='ltr'>et</span> <span class='ocrx_word' id='word_1_166' title='bbox 456 1709 647 1749; x_wconf 88' lang='lat' dir='ltr'>magnae</span> <span class='ocrx_word' id='word_1_167' title='bbox 672 1696 866 1747; x_wconf 81' lang='lat' dir='ltr'>fuerunt,</span> <span class='ocrx_word' id='word_1_168' title='bbox 892 1710 983 1738; x_wconf 92' lang='lat' dir='ltr'>non</span> <span class='ocrx_word' id='word_1_169' title='bbox 1008 1702 1075 1738; x_wconf 92' lang='lat' dir='ltr'>est</span> <span class='ocrx_word' id='word_1_170' title='bbox 1093 1695 1214 1748; x_wconf 91' lang='lat' dir='ltr'>quod</span> <span class='ocrx_word' id='word_1_171' title='bbox 1237 1694 1439 1749; x_wconf 89' lang='lat' dir='ltr'>pluribus</span> <span class='ocrx_word' id='word_1_172' title='bbox 1462 1694 1749 1737; x_wconf 89' lang='lat' dir='ltr'>scribendum</span> <span class='ocrx_word' id='word_1_173' title='bbox 1774 1693 1904 1737; x_wconf 87' lang='lat' dir='ltr'>uidea</span> 
     </span>
     <span class='ocr_line' id='line_1_21' title="bbox 293 1771 1924 1823; baseline 0 -11"><span class='ocrx_word' id='word_1_174' title='bbox 293 1777 379 1813; x_wconf 89' lang='lat' dir='ltr'>tur.</span> <span class='ocrx_word' id='word_1_175' title='bbox 403 1772 503 1813; x_wconf 88' lang='lat' dir='ltr'>Hac</span> <span class='ocrx_word' id='word_1_176' title='bbox 521 1779 777 1814; x_wconf 88' lang='lat' dir='ltr'>nostrorum</span> <span class='ocrx_word' id='word_1_177' title='bbox 797 1772 1079 1814; x_wconf 81' lang='lat' dir='ltr'>sacerdotum</span> <span class='ocrx_word' id='word_1_178' title='bbox 1099 1785 1207 1813; x_wconf 87' lang='lat' dir='ltr'>cura</span> <span class='ocrx_word' id='word_1_179' title='bbox 1226 1772 1391 1813; x_wconf 86' lang='lat' dir='ltr'>factum</span> <span class='ocrx_word' id='word_1_180' title='bbox 1413 1778 1496 1823; x_wconf 92' lang='lat' dir='ltr'>est,</span> <span class='ocrx_word' id='word_1_181' title='bbox 1515 1778 1563 1812; x_wconf 92' lang='lat' dir='ltr'>ut</span> <span class='ocrx_word' id='word_1_182' title='bbox 1582 1771 1626 1813; x_wconf 89' lang='lat' dir='ltr'>in</span> <span class='ocrx_word' id='word_1_183' title='bbox 1645 1777 1798 1813; x_wconf 90' lang='lat' dir='ltr'>nostro</span> <span class='ocrx_word' id='word_1_184' title='bbox 1817 1778 1924 1813; x_wconf 90' lang='lat' dir='ltr'>tem-</span> 
     </span>
     <span class='ocr_line' id='line_1_22' title="bbox 293 1847 1924 1902; baseline -0.001 -13"><span class='ocrx_word' id='word_1_185' title='bbox 293 1848 365 1902; x_wconf 89' lang='lat' dir='ltr'>plo</span> <span class='ocrx_word' id='word_1_186' title='bbox 387 1850 472 1890; x_wconf 90' lang='lat' dir='ltr'>hoc</span> <span class='ocrx_word' id='word_1_187' title='bbox 496 1848 688 1890; x_wconf 90' lang='lat' dir='ltr'>iubilaeo</span> <span class='ocrx_word' id='word_1_188' title='bbox 710 1849 765 1891; x_wconf 90' lang='lat' dir='ltr'>ad</span> <span class='ocrx_word' id='word_1_189' title='bbox 783 1848 902 1890; x_wconf 91' lang='lat' dir='ltr'>mille</span> <span class='ocrx_word' id='word_1_190' title='bbox 920 1855 965 1891; x_wconf 88' lang='lat' dir='ltr'>et</span> <span class='ocrx_word' id='word_1_191' title='bbox 988 1847 1263 1902; x_wconf 86' lang='lat' dir='ltr'>septingenti</span> <span class='ocrx_word' id='word_1_192' title='bbox 1283 1847 1490 1890; x_wconf 89' lang='lat' dir='ltr'>homines</span> <span class='ocrx_word' id='word_1_193' title='bbox 1508 1847 1779 1890; x_wconf 85' lang='lat' dir='ltr'>sanctissimi</span> <span class='ocrx_word' id='word_1_194' title='bbox 1796 1848 1924 1890; x_wconf 89' lang='lat' dir='ltr'>Chri-</span> 
     </span>
     <span class='ocr_line' id='line_1_23' title="bbox 292 1924 823 1980; baseline 0.004 -15"><span class='ocrx_word' id='word_1_195' title='bbox 292 1924 346 1966; x_wconf 93' lang='lat' dir='ltr'>sti</span> <span class='ocrx_word' id='word_1_196' title='bbox 367 1938 529 1979; x_wconf 90' lang='lat' dir='ltr'>corpus</span> <span class='ocrx_word' id='word_1_197' title='bbox 552 1925 823 1980; x_wconf 89' lang='lat' dir='ltr'>acceperint.</span> 
     </span>
    </p>

    <p class='ocr_par' dir='ltr' id='par_1_4' title="bbox 290 1999 1971 2741">
     <span class='ocr_line' id='line_1_24' title="bbox 388 1999 1924 2055; baseline -0.001 -12"><span class='ocrx_word' id='word_1_198' title='bbox 388 2013 454 2044; x_wconf 90' lang='lat'>12.</span> <span class='ocrx_word' id='word_1_199' title='bbox 521 2002 653 2043; x_wconf 90' lang='lat' dir='ltr'>Nunc</span> <span class='ocrx_word' id='word_1_200' title='bbox 681 2000 815 2044; x_wconf 90' lang='lat' dir='ltr'>etiam</span> <span class='ocrx_word' id='word_1_201' title='bbox 840 2000 988 2055; x_wconf 85' lang='lat' dir='ltr'>potius</span> <span class='ocrx_word' id='word_1_202' title='bbox 1010 1999 1166 2055; x_wconf 86' lang='lat' dir='ltr'>augeri</span> <span class='ocrx_word' id='word_1_203' title='bbox 1190 2009 1324 2054; x_wconf 85' lang='lat' dir='ltr'>quam</span> <span class='ocrx_word' id='word_1_204' title='bbox 1347 1999 1488 2041; x_wconf 91' lang='lat' dir='ltr'>minui</span> <span class='ocrx_word' id='word_1_205' title='bbox 1508 2000 1685 2042; x_wconf 90' lang='lat' dir='ltr'>uidetur</span> <span class='ocrx_word' id='word_1_206' title='bbox 1709 2014 1924 2042; x_wconf 88' lang='lat' dir='ltr'>numerus</span> 
     </span>
     <span class='ocr_line' id='line_1_25' title="bbox 291 2076 1924 2132; baseline 0 -14"><span class='ocrx_word' id='word_1_207' title='bbox 291 2078 449 2120; x_wconf 90' lang='lat' dir='ltr'>crebro</span> <span class='ocrx_word' id='word_1_208' title='bbox 472 2077 800 2128; x_wconf 87' lang='lat' dir='ltr'>confitentium,</span> <span class='ocrx_word' id='word_1_209' title='bbox 827 2084 871 2120; x_wconf 89' lang='lat' dir='ltr'>et</span> <span class='ocrx_word' id='word_1_210' title='bbox 896 2076 1147 2130; x_wconf 88' lang='lat' dir='ltr'>frequentia</span> <span class='ocrx_word' id='word_1_211' title='bbox 1178 2076 1394 2118; x_wconf 90' lang='lat' dir='ltr'>nobilium</span> <span class='ocrx_word' id='word_1_212' title='bbox 1421 2084 1465 2117; x_wconf 91' lang='lat' dir='ltr'>et</span> <span class='ocrx_word' id='word_1_213' title='bbox 1489 2076 1754 2132; x_wconf 91' lang='lat' dir='ltr'>optimatum</span> <span class='ocrx_word' id='word_1_214' title='bbox 1779 2076 1823 2118; x_wconf 92' lang='lat' dir='ltr'>in</span> <span class='ocrx_word' id='word_1_215' title='bbox 1848 2091 1924 2118; x_wconf 92' lang='lat' dir='ltr'>no-</span> 
     </span>
     <span class='ocr_line' id='line_1_26' title="bbox 290 2153 1922 2209; baseline 0 -15"><span class='ocrx_word' id='word_1_216' title='bbox 290 2160 382 2195; x_wconf 89' lang='lat' dir='ltr'>stro</span> <span class='ocrx_word' id='word_1_217' title='bbox 412 2155 577 2209; x_wconf 89' lang='lat' dir='ltr'>templo</span> <span class='ocrx_word' id='word_1_218' title='bbox 604 2153 840 2195; x_wconf 88' lang='lat' dir='ltr'>dominicis</span> <span class='ocrx_word' id='word_1_219' title='bbox 865 2153 1079 2207; x_wconf 86' lang='lat' dir='ltr'>festisque</span> <span class='ocrx_word' id='word_1_220' title='bbox 1102 2153 1278 2205; x_wconf 90' lang='lat' dir='ltr'>diebus,</span> <span class='ocrx_word' id='word_1_221' title='bbox 1312 2153 1476 2207; x_wconf 91' lang='lat' dir='ltr'>quibus</span> <span class='ocrx_word' id='word_1_222' title='bbox 1500 2160 1604 2196; x_wconf 89' lang='lat' dir='ltr'>ante</span> <span class='ocrx_word' id='word_1_223' title='bbox 1635 2153 1922 2196; x_wconf 87' lang='lat' dir='ltr'>meridianam</span> 
     </span>
     <span class='ocr_line' id='line_1_27' title="bbox 293 2228 1971 2284; baseline -0.001 -13"><span class='ocrx_word' id='word_1_224' title='bbox 293 2230 555 2272; x_wconf 88' lang='lat' dir='ltr'>concionem</span> <span class='ocrx_word' id='word_1_225' title='bbox 582 2231 632 2272; x_wconf 87' lang='lat' dir='ltr'>P.</span> <span class='ocrx_word' id='word_1_226' title='bbox 660 2230 838 2284; x_wconf 88' lang='lat' dir='ltr'>Strada,</span> <span class='ocrx_word' id='word_1_227' title='bbox 865 2229 1213 2284; x_wconf 89' lang='lat' dir='ltr'>pomeridianam</span> <span class='ocrx_word' id='word_1_228' title='bbox 1255 2243 1366 2271; x_wconf 92' lang='lat' dir='ltr'>uero</span> <span class='ocrx_word' id='word_1_229' title='bbox 1391 2228 1627 2272; x_wconf 90' lang='lat' dir='ltr'>lectionem</span> <span class='ocrx_word' id='word_1_230' title='bbox 1653 2230 1704 2272; x_wconf 84' lang='lat' dir='ltr'>R.</span> <span class='ocrx_word' id='word_1_231' title='bbox 1734 2231 1783 2272; x_wconf 88' lang='grc' dir='ltr'>Ρ.</span> <span class='ocrx_word' id='word_1_232' title='bbox 1807 2229 1924 2271; x_wconf 88' lang='lat' dir='ltr'>vica·</span> <span class='ocrx_word' id='word_1_233' title='bbox 1970 2278 1971 2281; x_wconf 11' lang='grc' dir='ltr'><strong>Ἴ</strong></span> 
     </span>
     <span class='ocr_line' id='line_1_28' title="bbox 294 2296 1971 2362; baseline -0.001 -15"><span class='ocrx_word' id='word_1_234' title='bbox 294 2306 386 2348; x_wconf 90' lang='lat' dir='ltr'>rius</span> <span class='ocrx_word' id='word_1_235' title='bbox 410 2306 711 2360; x_wconf 87' lang='lat' dir='ltr'>prosequitur,</span> <span class='ocrx_word' id='word_1_236' title='bbox 737 2320 825 2360; x_wconf 89' lang='lat' dir='ltr'>qua</span> <span class='ocrx_word' id='word_1_237' title='bbox 850 2307 1069 2362; x_wconf 90' lang='lat' dir='ltr'>psalmum</span> <span class='ocrx_word' id='word_1_238' title='bbox 1103 2306 1234 2349; x_wconf 75' lang='grc' dir='ltr'>ΙΙ8.“1</span> <span class='ocrx_word' id='word_1_239' title='bbox 1253 2314 1340 2347; x_wconf 89' lang='lat' dir='ltr'>tam</span> <span class='ocrx_word' id='word_1_240' title='bbox 1370 2306 1517 2360; x_wconf 90' lang='lat' dir='ltr'>docte,</span> <span class='ocrx_word' id='word_1_241' title='bbox 1542 2305 1736 2360; x_wconf 87' lang='lat' dir='ltr'>copiose,</span> <span class='ocrx_word' id='word_1_242' title='bbox 1760 2305 1924 2347; x_wconf 90' lang='lat' dir='ltr'>utiliter</span> <span class='ocrx_word' id='word_1_243' title='bbox 1970 2296 1971 2306; x_wconf 19' lang='grc' dir='ltr'>ἶ</span> 
     </span>
     <span class='ocr_line' id='line_1_29' title="bbox 292 2381 1924 2437; baseline 0 -15"><span class='ocrx_word' id='word_1_244' title='bbox 292 2382 635 2437; x_wconf 89' lang='lat' dir='ltr'>interpretatur,</span> <span class='ocrx_word' id='word_1_245' title='bbox 670 2390 717 2425; x_wconf 92' lang='lat' dir='ltr'>ut</span> <span class='ocrx_word' id='word_1_246' title='bbox 747 2383 975 2425; x_wconf 88' lang='lat' dir='ltr'>auditores</span> <span class='ocrx_word' id='word_1_247' title='bbox 1011 2396 1201 2437; x_wconf 90' lang='lat' dir='ltr'>quorum</span> <span class='ocrx_word' id='word_1_248' title='bbox 1234 2396 1503 2424; x_wconf 89' lang='lat' dir='ltr'>concursum</span> <span class='ocrx_word' id='word_1_249' title='bbox 1533 2381 1745 2424; x_wconf 88' lang='lat' dir='ltr'>maiorem</span> <span class='ocrx_word' id='word_1_250' title='bbox 1784 2382 1924 2423; x_wconf 91' lang='lat' dir='ltr'>multo</span> 
     </span>
     <span class='ocr_line' id='line_1_30' title="bbox 292 2457 1920 2513; baseline -0.001 -14"><span class='ocrx_word' id='word_1_251' title='bbox 292 2459 410 2500; x_wconf 88' lang='lat' dir='ltr'>fama</span> <span class='ocrx_word' id='word_1_252' title='bbox 428 2459 640 2502; x_wconf 82' lang='lat' dir='ltr'>excitauit</span> <span class='ocrx_word' id='word_1_253' title='bbox 664 2473 797 2513; x_wconf 88' lang='lat' dir='ltr'>quarn</span> <span class='ocrx_word' id='word_1_254' title='bbox 822 2466 871 2500; x_wconf 94' lang='lat' dir='ltr'>ut</span> <span class='ocrx_word' id='word_1_255' title='bbox 895 2459 1111 2513; x_wconf 89' lang='lat' dir='ltr'>templum</span> <span class='ocrx_word' id='word_1_256' title='bbox 1145 2472 1306 2513; x_wconf 89' lang='lat' dir='ltr'>capere</span> <span class='ocrx_word' id='word_1_257' title='bbox 1329 2457 1484 2513; x_wconf 90' lang='lat' dir='ltr'>possit,</span> <span class='ocrx_word' id='word_1_258' title='bbox 1511 2457 1555 2499; x_wconf 89' lang='lat' dir='ltr'>in</span> <span class='ocrx_word' id='word_1_259' title='bbox 1584 2458 1920 2500; x_wconf 88' lang='lat' dir='ltr'>admirationem</span> 
     </span>
     <span class='ocr_line' id='line_1_31' title="bbox 291 2534 1920 2590; baseline -0.002 -13"><span class='ocrx_word' id='word_1_260' title='bbox 291 2542 610 2590; x_wconf 85' lang='lat' dir='ltr'>stuporemque</span> <span class='ocrx_word' id='word_1_261' title='bbox 634 2536 853 2577; x_wconf 89' lang='lat' dir='ltr'>traducat:</span> <span class='ocrx_word' id='word_1_262' title='bbox 883 2543 929 2577; x_wconf 90' lang='lat' dir='ltr'>ut</span> <span class='ocrx_word' id='word_1_263' title='bbox 949 2536 1096 2576; x_wconf 91' lang='lat' dir='ltr'>minus</span> <span class='ocrx_word' id='word_1_264' title='bbox 1119 2535 1370 2577; x_wconf 90' lang='lat' dir='ltr'>mirandum</span> <span class='ocrx_word' id='word_1_265' title='bbox 1399 2534 1456 2576; x_wconf 90' lang='lat' dir='ltr'>sit</span> <span class='ocrx_word' id='word_1_266' title='bbox 1474 2535 1593 2588; x_wconf 89' lang='lat' dir='ltr'>quod</span> <span class='ocrx_word' id='word_1_267' title='bbox 1612 2534 1656 2575; x_wconf 91' lang='lat' dir='ltr'>in</span> <span class='ocrx_word' id='word_1_268' title='bbox 1680 2534 1765 2576; x_wconf 90' lang='lat' dir='ltr'>illis</span> <span class='ocrx_word' id='word_1_269' title='bbox 1782 2534 1920 2576; x_wconf 90' lang='lat' dir='ltr'>cardi·</span> 
     </span>
     <span class='ocr_line' id='line_1_32' title="bbox 291 2602 1920 2666; baseline -0.002 -13"><span class='ocrx_word' id='word_1_270' title='bbox 291 2612 414 2654; x_wconf 88' lang='lat' dir='ltr'>nales</span> <span class='ocrx_word' id='word_1_271' title='bbox 432 2611 631 2666; x_wconf 88' lang='lat' dir='ltr'>aliosque</span> <span class='ocrx_word' id='word_1_272' title='bbox 655 2613 875 2666; x_wconf 89' lang='lat' dir='ltr'>praelatos</span> <span class='ocrx_word' id='word_1_273' title='bbox 899 2611 1102 2654; x_wconf 84' lang='lat' dir='ltr'>assiduos</span> <span class='ocrx_word' id='word_1_274' title='bbox 1128 2612 1308 2653; x_wconf 91' lang='lat' dir='ltr'>habeat.</span> <span class='ocrx_word' id='word_1_275' title='bbox 1343 2612 1527 2653; x_wconf 82' lang='lat' dir='ltr'>Praeter</span> <span class='ocrx_word' id='word_1_276' title='bbox 1550 2609 1650 2652; x_wconf 89' lang='lat' dir='ltr'>illos</span> <span class='ocrx_word' id='word_1_277' title='bbox 1673 2617 1822 2653; x_wconf 87' lang='lat' dir='ltr'>autem</span> <span class='ocrx_word' id='word_1_278' title='bbox 1847 2602 1920 2663; x_wconf 81' lang='lat' dir='ltr'>qui</span> 
     </span>
     <span class='ocr_line' id='line_1_33' title="bbox 290 2685 1922 2741; baseline -0.001 -13"><span class='ocrx_word' id='word_1_279' title='bbox 290 2695 338 2728; x_wconf 91' lang='lat' dir='ltr'>ut</span> <span class='ocrx_word' id='word_1_280' title='bbox 361 2687 495 2741; x_wconf 91' lang='lat' dir='ltr'>aliqui</span> <span class='ocrx_word' id='word_1_281' title='bbox 519 2695 773 2729; x_wconf 89' lang='lat' dir='ltr'>nostrorum</span> <span class='ocrx_word' id='word_1_282' title='bbox 792 2687 980 2739; x_wconf 78' lang='lat' dir='ltr'>faciunt,</span> <span class='ocrx_word' id='word_1_283' title='bbox 1002 2694 1089 2728; x_wconf 87' lang='lat' dir='ltr'>tam</span> <span class='ocrx_word' id='word_1_284' title='bbox 1111 2687 1310 2730; x_wconf 88' lang='lat' dir='ltr'>eruditas</span> <span class='ocrx_word' id='word_1_285' title='bbox 1341 2685 1558 2728; x_wconf 87' lang='lat' dir='ltr'>lectiones</span> <span class='ocrx_word' id='word_1_286' title='bbox 1580 2687 1777 2728; x_wconf 89' lang='lat' dir='ltr'>currenti</span> <span class='ocrx_word' id='word_1_287' title='bbox 1810 2688 1922 2728; x_wconf 84' lang='lat' dir='ltr'>cala-</span> 
     </span>
    </p>
   </div>
   <div class='ocr_carea' id='block_1_3' title="bbox 290 2762 1922 2819">
    <p class='ocr_par' dir='ltr' id='par_1_5' title="bbox 290 2762 1922 2819">
     <span class='ocr_line' id='line_1_34' title="bbox 290 2762 1922 2819; baseline -0.001 -15"><span class='ocrx_word' id='word_1_288' title='bbox 290 2778 362 2805; x_wconf 93' lang='lat' dir='ltr'>mo</span> <span class='ocrx_word' id='word_1_289' title='bbox 380 2764 624 2819; x_wconf 87' lang='lat' dir='ltr'>excipiunt,</span> <span class='ocrx_word' id='word_1_290' title='bbox 649 2779 736 2805; x_wconf 91' lang='lat' dir='ltr'>non</span> <span class='ocrx_word' id='word_1_291' title='bbox 762 2765 925 2807; x_wconf 90' lang='lat' dir='ltr'>desunt</span> <span class='ocrx_word' id='word_1_292' title='bbox 952 2764 1149 2806; x_wconf 87' lang='lat' dir='ltr'>illustres</span> <span class='ocrx_word' id='word_1_293' title='bbox 1174 2763 1257 2805; x_wconf 92' lang='lat' dir='ltr'>uiri</span> <span class='ocrx_word' id='word_1_294' title='bbox 1289 2763 1367 2817; x_wconf 89' lang='lat' dir='ltr'>qui</span> <span class='ocrx_word' id='word_1_295' title='bbox 1394 2777 1547 2805; x_wconf 88' lang='lat' dir='ltr'>earum</span> <span class='ocrx_word' id='word_1_296' title='bbox 1571 2764 1774 2818; x_wconf 83' lang='lat' dir='ltr'>exempla</span> <span class='ocrx_word' id='word_1_297' title='bbox 1798 2762 1922 2804; x_wconf 90' lang='lat' dir='ltr'>obni-</span> 
     </span>
    </p>
   </div>
   <div class='ocr_carea' id='block_1_4' title="bbox 1488 2840 1502 2858">
    <p class='ocr_par' dir='ltr' id='par_1_6' title="bbox 1488 2840 1502 2858">
     <span class='ocr_line' id='line_1_35' title="bbox 1488 2840 1502 2858; baseline 0 0"><span class='ocrx_word' id='word_1_298' title='bbox 1488 2840 1502 2858; x_wconf 77' lang='lat'>6</span> 
     </span>
    </p>
   </div>
   <div class='ocr_carea' id='block_1_5' title="bbox 291 2839 1919 2895">
    <p class='ocr_par' dir='ltr' id='par_1_7' title="bbox 291 2839 1919 2895">
     <span class='ocr_line' id='line_1_36' title="bbox 291 2839 1919 2895; baseline -0.002 -13"><span class='ocrx_word' id='word_1_299' title='bbox 291 2856 345 2883; x_wconf 85' lang='lat' dir='ltr'>xe</span> <span class='ocrx_word' id='word_1_300' title='bbox 377 2841 667 2883; x_wconf 87' lang='lat' dir='ltr'>contendant.</span> <span class='ocrx_word' id='word_1_301' title='bbox 706 2841 956 2895; x_wconf 89' lang='lat' dir='ltr'>Episcopus</span> <span class='ocrx_word' id='word_1_302' title='bbox 990 2847 1112 2883; x_wconf 86' lang='lat' dir='ltr'>certe</span> <span class='ocrx_word' id='word_1_303' title='bbox 1148 2840 1446 2883; x_wconf 81' lang='lat' dir='ltr'>foroliuiensis</span> <span class='ocrx_word' id='word_1_304' title='bbox 1547 2839 1919 2881; x_wconf 86' lang='lat' dir='ltr'>cubiculariorum</span> 
     </span>
    </p>
   </div>
   <div class='ocr_carea' id='block_1_6' title="bbox 358 3003 1918 3049">
    <p class='ocr_par' dir='ltr' id='par_1_8' title="bbox 358 3003 1918 3049">
     <span class='ocr_line' id='line_1_37' title="bbox 358 3003 1918 3049; baseline -0.001 -11"><span class='ocrx_word' id='word_1_305' title='bbox 358 3005 371 3023; x_wconf 73' lang='lat'><strong>⁶</strong></span> <span class='ocrx_word' id='word_1_306' title='bbox 423 3005 558 3039; x_wconf 86' lang='lat' dir='ltr'>Petrus</span> <span class='ocrx_word' id='word_1_307' title='bbox 578 3005 687 3049; x_wconf 83' lang='lat' dir='ltr'>Joan,</span> <span class='ocrx_word' id='word_1_308' title='bbox 707 3004 755 3038; x_wconf 92' lang='lat' dir='ltr'>de</span> <span class='ocrx_word' id='word_1_309' title='bbox 776 3004 944 3039; x_wconf 88' lang='lat' dir='ltr'>Aleottis</span> <span class='ocrx_word' id='word_1_310' title='bbox 969 3004 1222 3048; x_wconf 52' lang='lat'>(15511563),</span> <span class='ocrx_word' id='word_1_311' title='bbox 1245 3003 1355 3048; x_wconf 88' lang='lat' dir='ltr'>cujus</span> <span class='ocrx_word' id='word_1_312' title='bbox 1377 3015 1511 3049; x_wconf 89' lang='lat' dir='ltr'>nepos,</span> <span class='ocrx_word' id='word_1_313' title='bbox 1532 3003 1580 3037; x_wconf 89' lang='lat' dir='ltr'>de</span> <span class='ocrx_word' id='word_1_314' title='bbox 1599 3015 1674 3049; x_wconf 92' lang='lat' dir='ltr'>quo</span> <span class='ocrx_word' id='word_1_315' title='bbox 1693 3004 1754 3038; x_wconf 93' lang='lat' dir='ltr'>hic</span> <span class='ocrx_word' id='word_1_316' title='bbox 1779 3003 1918 3048; x_wconf 84' lang='lat' dir='ltr'>agitur,</span> 
     </span>
    </p>
   </div>
  </div>
 </body>
</html>
