1971 3276
663 183 799 218 Effis'r.
832 191 908 226 129.
919 183 1087 226 —JULIO
1119 183 1205 226 1567
1635 181 1704 225 039

121 291 189 326 tos
212 296 428 339 persaepe
451 282 546 326 dies
569 299 593 325 a
611 283 913 338 confessione,
939 283 996 324 ab
1021 282 1317 333 Eucharistia‚
1340 282 1534 336 denique
1558 296 1580 322 a
1601 295 1747 331 sacro⁷

121 359 414 402 abstinerent.
453 359 675 415 Contigit,
712 360 818 401 dum
852 359 923 401 his
957 367 1108 402 noster
1141 359 1201 401 ibi
1235 366 1453 410 moratur,
1492 365 1539 399 ut
1568 357 1748 413 quidam
1813 368 1819 372 “

119 435 216 479 eius
247 435 392 477 affinis
420 449 444 477 e
474 435 566 477 uita
595 435 867 479 discederet.
906 436 982 478 Ille
1014 435 1223 479 familiam
1253 435 1456 477 defuncti
1492 434 1747 476 uniuersam

121 511 333 567 postridie
350 512 634 555 confessione
653 512 940 567 expiandam,
966 520 1010 556 et
1034 527 1149 568 pane
1167 512 1350 555 coelesti
1369 511 1655 555 reficiendam
1675 524 1746 552 cu-

120 587 252 630 rauit:
280 588 466 643 perfecit
495 588 629 631 etiam
655 596 703 631 ut
727 589 908 644 publico
932 589 1122 631 consilio
1153 589 1395 632 tollendam
1425 590 1542 630 hanc
1572 587 1747 630 uisendi

119 664 376 718 latendique
398 665 776 708 consuetudinem
805 665 966 709 ciuitas
991 673 1087 708 tota
1116 666 1395 709 decerneret.
1424 666 1577 719 Itaque
1600 664 1747 706 subla-

121 748 165 783 ta
186 748 269 784 est.
304 741 446 784 Multa
477 741 611 783 scribi
642 749 825 797 possent
856 749 1103 796 praeterea,
1131 750 1225 783 tum
1256 743 1404 796 quoad
1433 741 1630 796 spiritale
1656 747 1748 782 tum

120 818 268 872 quoad
292 817 521 861 materiale
551 818 821 872 aedificium,
849 820 968 874 quod
999 825 1257 861 nostrorum
1281 832 1441 861 caussa
1465 817 1541 872 qui
1566 818 1747 859 Tuscu—

119 894 211 936 lum
234 907 259 936 e
283 893 438 936 morbo
463 895 533 937 uel
556 894 860 938 imbecillitate
879 895 1041 937 uirium
1067 896 1159 938 fere
1182 908 1281 937 sese
1304 894 1542 949 recipiunt,
1565 900 1747 935 auctum

120 977 202 1014 est.
233 971 401 1014 Verum
423 979 491 1013 sat
516 971 656 1014 multa
678 971 763 1013 iam
789 972 1065 1027 scripsimus.
1093 973 1193 1014 Hae
1215 972 1376 1013 domus
1401 972 1514 1022 VIII,
1540 970 1750 1025 collegia-

122 1060 194 1099 ue,
221 1061 334 1101 quae
363 1047 470 1098 dixi,
503 1049 556 1091 R.
591 1049 646 1090 V.
682 1062 733 1090 ac
762 1048 1022 1103 prouinciae
1052 1048 1190 1090 totius
1219 1047 1556 1103 precationibus
1588 1046 1670 1101 piis
1700 1060 1749 1088 ac

120 1122 368 1178 sacrificiis,
394 1123 437 1165 in
463 1124 658 1166 Domino
682 1138 780 1168 sese
805 1124 936 1166 ualde
959 1124 1292 1166 commendant.
1326 1125 1511 1176 Romae,
1546 1122 1753 1163 kalendis

125 1198 343 1242 Ianuariis
367 1200 684 1243 M.D.LXVII.

897 1313 979 1364 129

439 1434 655 1470 SUMMUS
684 1434 944 1471 PONTIFEX
972 1434 1091 1483 PVIUS
1118 1434 1164 1469 V.
1193 1433 1446 1471 POLANCO

708 1539 850 1565 MENSE
876 1538 992 1573 JULIO
1024 1530 1110 1574 1567
1138 1531 1163 1566 ¹.

221 1630 331 1674 Quid
350 1630 551 1664 Polaticus
570 1630 728 1664 nomine
743 1630 945 1675 pontificis
962 1642 1051 1665 cum
1071 1631 1167 1665 duce
1188 1630 1431 1671 Florentiae,
1451 1630 1650 1664 occasione

538 1688 786 1732 fodinarum
807 1689 1018 1730 aluminis,
1038 1700 1161 1734 agere
1180 1689 1327 1723 debeat.

168 1795 529 1825 INSTRUTTIONE
554 1796 643 1825 PER
667 1796 713 1825 IL
737 1796 950 1826 NEGOTIO
974 1797 1035 1826 DE
1059 1797 1116 1826 LA
1141 1797 1356 1826 LUMIERA
1381 1796 1427 1826 DI
1454 1796 1624 1836 MASSA,
1652 1797 1710 1826 DA

124 1871 392 1902 TRATTARSI
426 1872 519 1902 CON
550 1857 1039 1902 L'ECCELLENTISSIMO
1070 1873 1245 1902 SIGNOR
1275 1873 1401 1903 DUCA
1432 1873 1479 1903 DI
1515 1872 1754 1902 FIORENZA

214 1972 467 2014 Saluterete
496 1971 524 2012 il
555 1971 709 2026 signor
733 1972 849 2014 duca
878 1972 933 2014 da
963 1980 1087 2027 parte
1119 1980 1287 2025 nostra3
1319 1980 1364 2015 et
1398 1972 1425 2013 li
1454 1972 1595 2014 direte
1628 1986 1756 2015 come

197 2095 205 2114 ¹
259 2095 314 2128 Ex
333 2095 510 2139 originali
532 2095 569 2129 in
589 2095 725 2130 codice
745 2096 935 2132 Instruct.
957 2097 989 2137 l,
1012 2104 1031 2129 2
1051 2096 1107 2140 ff„
1130 2108 1193 2130 nn.
1216 2095 1339 2140 35-36,
1362 2096 1466 2141 prius
1491 2095 1617 2140 07-68.
1643 2096 1755 2130 Nulla

124 2158 184 2187 est
209 2153 457 2198 subscriptio,
475 2165 546 2188 nec
562 2154 746 2199 temporis
761 2155 919 2190 notatio.
938 2155 1052 2200 Quod
1067 2166 1159 2189 vero
1173 2166 1193 2189 a
1208 2167 1358 2190 summo
1374 2155 1558 2200 pontifice
1574 2154 1757 2201 procedat

124 2212 218 2245 haec
234 2211 437 2245 instructio
456 2213 602 2256 legenti
623 2212 734 2247 facile
753 2214 913 2258 patebit.
931 2215 977 2248 Et
991 2213 1148 2259 quidem
1164 2225 1297 2248 mense
1313 2213 1415 2259 Julio
1431 2213 1544 2259 hujus
1560 2214 1648 2248 anni
1668 2215 1755 2257 1567

124 2270 251 2304 datam
272 2281 372 2314 esse,
394 2271 557 2315 primum
578 2282 626 2305 ex
646 2283 692 2305 eo
711 2272 906 2316 colligitur
924 2272 1025 2318 quod
1045 2284 1112 2318 per
1132 2272 1169 2307 id
1188 2278 1340 2318 tempus
1358 2273 1546 2307 Polaneus
1566 2284 1586 2306 a
1607 2284 1757 2307 summo

125 2327 306 2374 pontifice
327 2329 561 2363 Florentiam
581 2329 627 2363 ad
647 2329 785 2364 ducem
805 2330 946 2365 missus
959 2331 1034 2366 sit.
1058 2330 1209 2365 Deinde
1238 2331 1418 2376 adjuncta
1446 2332 1630 2376 temporis
1657 2342 1757 2377 quae

125 2388 163 2421 in
183 2387 363 2433 sequenti
384 2387 638 2422 instructione
657 2387 705 2422 de
725 2388 859 2422 eadem
880 2401 920 2423 re
940 2389 1170 2432 indicantur,
1191 2390 1281 2424 huic
1302 2390 1505 2424 assertioni
1525 2391 1669 2425 favent.
1691 2391 1757 2424 Di-

124 2446 223 2480 citur
242 2446 359 2490 enim,
380 2457 456 2480 non
476 2447 591 2490 longe
619 2447 667 2481 ab
692 2447 814 2492 initio,
840 2447 918 2492 jain
938 2449 986 2482 ab
1005 2454 1092 2482 octo
1111 2449 1221 2482 annis
1250 2459 1297 2482 ex
1327 2460 1403 2494 quo
1432 2448 1510 2483 dux
1539 2449 1756 2483 Florentiae

125 2503 302 2539 dominus
324 2505 510 2539 Senatum
531 2505 594 2549 sit,
616 2505 700 2550 ejus
732 2506 928 2540 ministros
951 2508 1105 2541 alumen
1125 2518 1173 2540 ex
1193 2507 1269 2541 illis
1289 2507 1430 2542 fodinis
1449 2508 1638 2542 obtinere.
1670 2508 1756 2551 Age

127 2573 229 2606 ver0‚
252 2563 470 2597 Florentiae
489 2563 567 2598 dux
586 2564 676 2598 inde
695 2565 744 2598 ab
762 2576 861 2599 anno
882 2573 970 2609 1559
998 2566 1120 2600 Senas
1141 2566 1297 2600 omnino
1322 2567 1491 2611 subegit.
1522 2566 1581 2601 Cf.
1608 2566 1756 2601 MORO-

127 2631 181 2661 Nl,
204 2622 442 2656 Dizionario
461 2623 503 2656 di
530 2623 772 2664 erudizione,
794 2623 931 2667 LXVI,
960 2634 1017 2667 49.
1039 2624 1229 2658 Polancus
1248 2624 1402 2670 quidem
1429 2624 1477 2659 de
1496 2626 1566 2659 hac
1586 2636 1653 2659 sua
1670 2624 1757 2658 mis·

126 2681 233 2715 sione
265 2681 359 2715 haec
389 2683 427 2715 in
463 2682 814 2716 Commentariolis
844 2682 891 2716 ad
918 2684 1018 2718 hunc
1049 2694 1190 2718 annum
1222 2684 1390 2729 scripsit:
1423 2685 1581 2718 «Mense
1607 2683 1710 2729 Julio
1738 2695 1757 2717 a

127 2739 307 2784 pontifice
327 2752 477 2774 summo
495 2741 610 2775 Pater
628 2741 783 2787 quidam
803 2741 851 2776 de
871 2742 1065 2776 Societate
1098 2743 1331 2777 Florentiam
1358 2743 1405 2777 ad
1430 2743 1592 2788 negocia
1611 2754 1685 2777 non
1707 2744 1757 2778 le-

126 2798 186 2833 uis
206 2799 391 2834 momenti
411 2799 607 2834 tractanda
625 2811 712 2834 cum
732 2800 829 2834 duce
849 2806 887 2834 et
903 2801 1074 2846 principe
1090 2812 1133 2835 ac
1148 2801 1333 2836 cardinali
1353 2803 1508 2847 missus,
1525 2813 1569 2836 ea
1597 2814 1644 2836 ex
1672 2813 1756 2836 sen-

128 2857 249 2891 tentia
268 2857 451 2899 confecit,
473 2863 510 2892 et
530 2858 671 2892 deinde
691 2859 951 2903 florentinum,
974 2871 1139 2894 senense
1158 2871 1202 2894 ac
1221 2861 1444 2905 perusinum
1474 2861 1682 2906 collegium
1702 2861 1757 2895 vi-

128 2915 299 2951 sitavit.»
320 2916 433 2950 Hunc
454 2922 583 2950 autern
605 2916 730 2962 ipsum
758 2918 965 2952 Polancum
994 2918 1114 2952 fuisse
1143 2925 1294 2954 constat
1314 2931 1362 2953 ex
1387 2919 1561 2965 epistolis
1580 2920 1658 2964 jam
1680 2919 1756 2953 edi—

128 2975 190 3008 tis:
214 2975 255 3009 S.
279 2974 424 3008 Franc.
453 2975 621 3020 Borgia,
645 2975 713 3019 IV,
734 2975 816 3020 508,
838 2985 919 3020 5ῐ5,
941 2985 1021 3021 520,
1044 2985 1124 3023 5213
1145 2978 1270 3023 Epist.
1293 2978 1338 3013 P.
1361 2978 1509 3021 Nadal,
1530 2979 1596 3024 ΠΙ,
1621 2980 1700 3022 5063
1719 2985 1756 3012 et
