1971 3276
561 221 697 256 EPIST.
731 224 960 266 119.—15(25
990 230 1074 257 AUT
1105 223 1192 265 1566
1562 231 1641 267 ‘547

59 320 142 361 tria
165 328 388 375 aspettare
412 321 547 363 molto
572 321 726 375 frutto⁷
754 321 1001 364 differendo
1024 322 1178 364 sinche
1203 322 1288 364 Dio
1311 337 1366 364 ne
1392 323 1541 364 mandi
1567 338 1687 378 mag-

57 396 154 452 gior
179 398 324 452 copia;
351 405 395 440 et
419 412 495 452 per
517 399 558 439 la
581 398 826 440 medesima
855 399 1045 454 ragione
1077 400 1218 441 haura
1247 401 1300 441 da
1334 408 1529 455 spettare
1558 399 1587 442 il
1611 415 1688 443 ve-

57 487 195 515 scouo
218 475 272 516 de
296 474 530 529 Herbipoli
555 473 605 529 ²²,
635 475 662 515 il
687 475 818 529 quale
842 477 899 517 ha
922 475 1144 529 applicato
1179 491 1253 530 per
1279 491 1338 517 un
1371 476 1578 531 collegio,
1615 476 1688 530 gia

57 550 177 592 buon
201 565 338 605 pezzo
362 551 418 601 fa,
445 551 563 593 mille.
585 551 739 593 ducati
762 552 993 605 d’entrata‚
1032 566 1120 593 non
1144 553 1383 594 essendoui
1413 560 1551 607 gente
1584 566 1684 608 pre-

56 634 208 682 parata
231 641 307 681 per
324 627 484 681 dargli.

144 715 214 755 24.
282 704 370 746 Per
392 702 421 744 il
443 703 636 758 collegio
660 703 701 744 di
728 705 887 758 Napoli
911 705 947 747 si
972 720 1083 747 sono
1115 706 1312 748 mandati
1341 706 1504 759 alcuni,
1533 707 1545 746 i
1568 706 1687 760 quali

57 779 100 821 ui
123 781 273 822 hanno
296 780 565 822 cominciato
589 795 613 823 a
637 782 823 836 leggere
845 783 885 823 la
911 782 1149 837 filosophia
1168 790 1211 824 et
1232 783 1439 837 teologia3
1467 790 1510 824 et
1529 798 1553 824 a
1572 785 1686 826 Mes·
1705 824 1709 826 γ

54 856 150 898 sina
172 856 215 898 di
239 856 405 912 Sicilia,
434 872 512 912 per
535 872 796 900 accrescere
819 859 858 900 le
883 859 1055 900 lettioni
1082 860 1137 901 de
1160 858 1290 913 l’arti,
1311 859 1543 901 essendosi
1567 860 1685 901 inco-

54 933 251 975 minciati
275 941 434 986 questo
457 948 575 975 anno
593 934 682 975 due
700 934 799 976 altri
823 934 953 987 corsi,
977 949 1190 989 appresso
1208 950 1232 977 a
1253 950 1340 977 uno
1363 937 1445 978 che
1469 936 1543 990 gia
1561 936 1598 978 si
1615 950 1686 978 co-

54 1009 219 1051 mincio
246 1011 395 1051 l’anno
425 1017 618 1064 passatO.
653 1011 707 1052 Et
737 1011 999 1054 finalmente
1031 1011 1067 1052 si
1098 1011 1120 1052 e
1144 1019 1288 1053 atteso
1311 1022 1353 1053 et
1384 1011 1417 1053 si
1448 1013 1630 1054 attende
1662 1028 1686 1055 a

55 1085 293 1128 fortificare
316 1093 360 1128 et
382 1100 641 1129 accrescere
667 1086 678 1127 i
702 1086 880 1140 collegii
905 1087 1114 1137 riceuuti,
1146 1088 1173 1128 il
1199 1090 1284 1130 che
1310 1090 1435 1139 fatto,
1469 1088 1541 1142 piu
1570 1089 1683 1130 libe·

55 1171 253 1205 ramente
272 1163 343 1217 poi
367 1163 401 1204 si
427 1163 552 1217 potr&
579 1163 738 1218 pigliar
762 1164 904 1205 nuoui
930 1164 1123 1208 assumti.
1152 1165 1366 1206 Tuttauia
1390 1179 1478 1206 non
1503 1166 1537 1206 si
1559 1166 1685 1220 potra

53 1239 237 1282 lasciare
259 1239 302 1280 di
327 1240 579 1293 prenderne
602 1240 766 1294 alcuni,
789 1247 933 1282 atteso
957 1241 984 1281 li
1009 1240 1266 1294 particolari
1302 1242 1579 1284 circostanze
1602 1244 1686 1285 che

54 1317 188 1357 fanno
206 1315 439 1371 giudicare
461 1317 545 1359 che
569 1315 662 1358 cosi
688 1317 802 1358 torni
827 1331 851 1358 a
874 1317 1066 1358 seruicio
1095 1318 1264 1359 d'lddio
1290 1319 1345 1360 N.
1373 1319 1420 1362 S.
1449 1333 1533 1360 con
1566 1327 1680 1361 tutta

53 1393 94 1434 la
116 1392 329 1434 difficolt&
353 1394 436 1434 che
459 1392 492 1434 si
519 1393 703 1447 patisce.

134 1479 204 1522 25.
262 1470 437 1523 Questa
455 1477 573 1512 state
590 1469 855 1524 stringendo
872 1471 1074 1512 l'armata
1094 1471 1163 1514 de’
1184 1470 1330 1513 turchi
1349 1471 1486 1512 l'isola
1505 1471 1548 1513 di
1568 1473 1676 1514 Mal-

54 1553 112 1598 ta‚
139 1553 183 1587 et
207 1545 453 1588 uedendosi
478 1552 646 1599 quanto
669 1546 922 1601 importaua
940 1545 1140 1589 l'aiutare
1166 1562 1240 1601 per
1265 1548 1373 1602 ogni
1399 1547 1470 1589 uia
1495 1549 1681 1602 possibi-

52 1623 92 1665 le
116 1622 265 1677 quella
288 1622 481 1677 impresa
498 1623 553 1664 de
577 1622 762 1677 xpiani.,
790 1623 1065 1665 intendendo
1089 1624 1204 1665 che'l
1227 1638 1341 1679 papa
1364 1625 1405 1666 di
1425 1624 1495 1668 cio
1514 1625 1681 1669 riceue-

53 1700 190 1741 rebbe
221 1698 545 1750 consolatione,
576 1699 613 1741 si
642 1699 885 1742 offerirono
914 1700 1061 1741 alcuni
1092 1701 1147 1742 de
1175 1701 1214 1742 la
1245 1701 1526 1756 Compagnia
1554 1717 1579 1744 a
1601 1717 1682 1744 sua
1734 1727 1737 1730 -

51 1775 214 1817 santita
239 1776 295 1817 da
326 1782 450 1829 parte
479 1776 523 1816 di
552 1783 705 1818 nostro
731 1776 873 1818 Padre
897 1777 1125 1831 generale,
1151 1777 1194 1818 di
1217 1777 1399 1831 *seruire
1423 1792 1498 1832 per
1529 1779 1568 1820 la
1601 1793 1682 1821 sua

52 1859 176 1906 parte
199 1852 240 1893 al
263 1851 349 1894 ben
382 1866 637 1906 commune,
670 1853 975 1895 essercitando
1005 1853 1017 1893 i
1047 1853 1281 1896 ministerii
1303 1853 1347 1895 di
1371 1855 1531 1908 quella.
1568 1857 1679 1897 Pro-

51 1927 282 1970 curaronsi
306 1928 552 1983 parimente
575 1928 735 1971 alcune
760 1929 905 1983 gratie
927 1929 1144 1984 spirituali
1170 1944 1247 1984 per
1277 1931 1532 1974 confortare
1555 1931 1567 1972 i
1591 1932 1679 1973 sol-

51 2003 142 2046 dati
164 2012 208 2046 et
230 2004 440 2058 aiutargli
463 2005 503 2046 le
527 2019 607 2047 sue
636 2005 884 2057 coscienze;
911 2014 955 2047 et
978 2006 1144 2060 perche
1168 2014 1288 2047 tutto
1318 2007 1387 2049 cio
1416 2016 1572 2050 consta
1603 2023 1681 2063 per

51 2095 112 2122 un
130 2079 198 2123 de'
225 2081 356 2123 Breui
381 2083 464 2123 che
486 2095 567 2123 sua
590 2081 756 2124 santita
781 2083 957 2133 mando,
985 2096 1043 2123 ne
1060 2083 1228 2137 ponero
1251 2082 1325 2136 qui
1350 2091 1468 2124 sotto
1493 2098 1582 2126 uno
1606 2084 1677 2125 in-

49 2157 248 2199 drizzato
270 2156 378 2213 al[l]i
401 2157 559 2208 nostri,
588 2158 616 2198 il
640 2159 772 2212 quale
795 2159 893 2200 dice
916 2158 1027 2200 cosi:

142 2233 278 2275 «Pius
302 2235 394 2277 PP.
423 2235 515 2276 IIII.
542 2234 730 2275 Dilectis
755 2234 856 2275 filiis
886 2235 1166 2289 Hieronymo
1197 2236 1455 2287 Dominico,
1490 2237 1680 2277 Bartho-

48 2311 198 2352 lomeo
222 2311 512 2365 Hernandez‚
533 2310 698 2366 Joanni
721 2311 777 2352 de
799 2311 991 2367 Guroea,
1026 2311 1197 2353 Didaco
1227 2313 1413 2363 SuareZ,
1440 2312 1680 2356 Societatis

45 2388 153 2442 Jesu
178 2386 524 2441 professoribus,
545 2387 710 2443 Joanni
735 2387 962 2441 Baptistae
988 2389 1180 2442 Veneto,
1207 2397 1250 2431 et
1274 2389 1454 2442 Angelo
1479 2390 1677 2431 Anconi-

51 2470 154 2504 tano
185 2463 363 2505 eiudem
395 2463 633 2506 Societatis
664 2464 973 2505 sacerdotibus
1006 2463 1056 2505 ²³.
1094 2464 1257 2507 Dilecti
1289 2465 1382 2515 filii,
1415 2466 1604 2507 salutem
1636 2474 1679 2507 et

51 2540 340 2593 apostolicam
374 2539 752 2582 benedictionem.
788 2539 1034 2594 Cupientes
1068 2555 1146 2595 pro
1181 2541 1387 2594 pastorali
1420 2542 1568 2583 officio
1600 2542 1679 2583 mi-

48 2616 151 2658 lites
173 2616 376 2670 xpianos.
403 2616 460 2658 de
482 2616 624 2658 classe
647 2623 691 2658 et
714 2615 913 2658 exercitu
938 2616 1185 2658 charissimi
1211 2617 1286 2658 filii
1311 2619 1450 2659 nostri
1486 2618 1678 2673 Philippi

52 2692 369 2746 Hispaniarum
396 2692 514 2746 regis
536 2692 763 2746 catholici,
792 2693 1010 2734 aduersus
1040 2693 1384 2735 immanissimos
1409 2703 1587 2737 nostrae
1612 2710 1676 2738 re·

51 2767 232 2822 ligionis
256 2769 409 2810 hostes
434 2768 475 2808 in
501 2768 693 2809 insulam
718 2767 914 2811 Melitam
940 2769 1236 2823 profecturos,
1265 2784 1352 2811 non
1379 2771 1522 2812 solum
1555 2771 1677 2813 auxi-

112 2950 134 2968 '‘·'
186 2949 245 2986 Cf.
266 2951 379 2995 epist.
399 2958 458 2995 75,
481 2956 611 2984 annot.
634 2959 692 2994 27.

106 3008 134 3027 ²³
185 3008 244 3042 Cf.
269 3010 306 3044 S.
330 3010 472 3045 Franc.
494 3011 664 3055 Borgim
685 3008 752 3051 IV,
774 3008 894 3052 43-44.
