1971 3276
312 211 379 247 318
815 211 1005 246 PoLANcr
1039 219 1356 246 COMPLEMENTA

266 314 541 368 uoluptatem
567 313 764 356 afferret.
793 313 929 367 Quod
955 319 1092 364 certe,
1116 318 1163 354 ut
1185 312 1380 363 dicebat,
1407 312 1468 354 ita
1487 319 1580 355 tum
1602 313 1746 355 bonus
1771 315 1906 356 Pater

262 389 596 445 experiebatur,
633 403 735 431 cum
779 389 948 433 diceret
988 389 1097 430 nihil
1129 388 1213 431 sibi
1245 389 1451 432 accidere
1483 388 1727 433 iucundius
1754 405 1903 446 posse,

260 482 394 522 quarn
418 467 453 509 si
477 467 533 509 ad
556 468 721 517 Deum,
749 473 951 508 autorem
976 474 1346 520 seruatoremque
1378 480 1527 517 suurn,
1549 467 1764 511 euolaret.
1791 469 1906 511 Cum

261 545 402 586 multa
431 544 475 585 in
498 545 615 585 hanc
645 543 914 586 sententiam
948 542 1150 586 dixisset:
1184 543 1432 598 Quoniam,
1470 543 1631 598 inquit,
1658 557 1750 585 rem
1776 544 1907 587 uideo

260 621 303 663 in
328 622 515 676 longum
541 634 683 674 usque
706 620 762 662 ad
786 633 1026 674 uesperum
1046 620 1288 676 abituram,
1310 621 1577 675 abscedant,
1599 620 1720 672 licet,
1748 622 1906 665 fratres

260 698 436 740 interim
461 697 516 738 ad
540 711 620 739 sua
642 696 832 751 quisque
862 696 1026 748 studia3
1060 697 1265 753 cupiens,
1293 704 1342 738 ut
1367 697 1648 740 infirmorum
1679 700 1905 753 praefecto

260 776 353 829 ipse
372 774 498 825 dixit,
522 788 668 816 rerum
688 773 945 815 diuinarum
967 774 1337 830 contemplationi
1357 774 1553 830 quietius
1578 789 1754 818 uacare.
1777 776 1906 830 Quos

259 866 361 894 cum
400 866 489 893 non
528 851 623 893 sine
664 850 904 905 lachrymis
937 849 1194 905 dimisisset,
1236 850 1407 905 reliquo
1446 851 1540 894 fere
1577 850 1665 894 diei
1707 858 1905 906 tempore

261 943 403 983 usque
420 928 475 971 ad
502 941 739 983 uesperum
760 941 864 968 cum
889 934 1032 969 morte
1056 926 1214 969 luctari
1242 927 1404 982 coepit,
1427 927 1615 982 integris
1639 934 1788 970 tamen
1806 941 1904 970 sen-

258 1006 398 1059 sibus,
425 1005 667 1058 multisque
692 1004 942 1047 identidem
968 1003 1067 1059 piis,
1093 1011 1309 1058 quantum
1334 1004 1517 1059 linguae
1550 1004 1758 1047 titubatio
1781 1004 1902 1048 sine-

259 1084 350 1134 bat,
378 1081 688 1138 pronunciatis
724 1081 843 1136 apud
882 1082 1028 1123 Deum
1055 1081 1410 1136 precationibus,
1443 1088 1486 1125 et
1515 1081 1670 1124 oculos
1697 1094 1834 1137 saepe
1861 1080 1905 1123 in

259 1160 433 1203 caelum
467 1158 693 1201 attollens.
736 1157 853 1199 Cum
894 1156 1035 1199 morti
1069 1165 1187 1200 esset
1221 1157 1466 1213 proximus,
1501 1157 1644 1201 media
1674 1159 1768 1202 fere
1796 1158 1906 1200 hora

260 1244 364 1279 ante
387 1235 594 1278 ultimum
620 1235 740 1278 uitae
767 1234 991 1289 spiritum,
1027 1235 1184 1289 pedem
1209 1235 1396 1277 alterum
1416 1234 1461 1277 in
1489 1249 1537 1278 se
1565 1235 1803 1278 collectum
1826 1236 1905 1277 im-

262 1321 366 1368 petu
387 1312 581 1354 maximo
602 1311 818 1354 excussit:
843 1312 1054 1365 Facesse,
1070 1311 1294 1365 inquiens,
1315 1311 1463 1366 istinc,
1479 1313 1639 1355 bellua.
1657 1311 1906 1367 Quaerenti

257 1397 406 1433 autem
436 1389 556 1432 Patri
581 1390 782 1441 cuidam,
808 1403 1048 1443 quemnam
1085 1389 1206 1431 calce
1238 1396 1424 1443 peteret,
1450 1389 1678 1444 respondit
1707 1390 1905 1434 adfuisse

258 1469 539 1510 daemonem.
567 1465 815 1520 Quaesitus
835 1478 1028 1519 rursum,
1057 1479 1164 1506 num
1193 1465 1403 1508 Christus
1436 1465 1497 1507 illi
1520 1466 1712 1508 adesset:
1739 1467 1900 1520 Adest,

260 1544 419 1598 inquit,
458 1543 665 1593 maxime,
705 1556 1008 1597 praesensque
1052 1555 1128 1583 cor
1167 1555 1316 1584 meum
1350 1542 1586 1585 inhabitat.
1635 1544 1729 1586 Nec
1762 1544 1903 1586 multo

260 1628 358 1676 post
382 1620 575 1662 reddens
599 1618 684 1663 X.0
711 1619 914 1674 domino,
948 1633 1080 1673 quem
1111 1618 1237 1660 cordi
1271 1620 1428 1662 adesse
1456 1620 1652 1672 dicebat,
1678 1619 1899 1675 spiritum,

258 1711 423 1752 magno
446 1711 527 1738 nos
549 1710 706 1739 omnes
732 1695 801 1738 sui
826 1695 1052 1737 desiderio
1076 1695 1242 1750 affecit,
1269 1696 1480 1738 dolorene
1499 1696 1643 1738 dicam
1669 1697 1830 1751 magis,
1847 1712 1902 1739 an

258 1773 440 1828 laetitia,
469 1773 639 1816 nescio.
676 1772 770 1814 Etsi
806 1773 925 1814 enim
961 1771 1117 1827 optimi
1149 1771 1231 1814 uiri
1261 1772 1480 1823 absentia,
1513 1772 1641 1815 cuius
1669 1788 1819 1828 opera,
1855 1781 1904 1815 ut

260 1849 379 1892 utilis
402 1863 577 1903 semper
596 1850 771 1899 fuerat,
799 1848 859 1890 ita
885 1847 1035 1889 utilior
1059 1848 1191 1891 etiarn
1212 1849 1425 1892 Societati
1450 1850 1599 1891 futura
1622 1851 1901 1904 sperabatur,

259 1941 439 1969 causam
464 1925 631 1968 doloris
661 1925 852 1980 aliquam
881 1924 1010 1966 nobis
1036 1925 1271 1978 reliquisse
1297 1925 1490 1980 uidetur;
1518 1934 1585 1968 est
1610 1934 1756 1969 tamen
1785 1929 1903 1971 unde

260 2003 451 2045 maxime
480 2003 636 2044 laetari
666 2003 929 2054 debeamus,
964 2002 1037 2043 uel
1067 2003 1187 2055 quod
1221 2002 1461 2045 Societatis
1491 2016 1673 2045 causam
1703 2003 1796 2046 suis
1827 2019 1901 2060 pa-

261 2079 459 2121 trociniis
483 2092 750 2134 promouere
786 2085 920 2131 atque
952 2077 1168 2120 adiuuare
1193 2079 1310 2133 apud
1335 2080 1481 2121 Deum
1506 2080 1646 2121 multo
1677 2094 1795 2122 nunc
1819 2081 1902 2122 vti-

259 2156 345 2198 lius
370 2155 523 2211 possit,
552 2156 621 2198 uel
645 2154 765 2209 quod
794 2155 905 2196 adeo
930 2155 1097 2195 multos
1119 2168 1226 2197 suae
1251 2155 1427 2197 virtutis
1450 2157 1664 2198 haeredes
1683 2156 1812 2199 nobis
1834 2171 1897 2199 re-

262 2233 457 2287 liquerit,
485 2247 577 2283 eos,
607 2232 809 2285 inquam,
839 2245 953 2285 quos
983 2246 1060 2285 per
1084 2231 1205 2273 illum
1233 2232 1451 2274 Dominus
1481 2233 1535 2274 ad
1559 2233 1799 2276 Societatis
1822 2248 1899 2275 no-

260 2316 378 2352 strae
400 2308 657 2350 institutum
683 2307 877 2354 vocauit;
911 2307 954 2348 in
983 2307 1146 2361 quibus
1169 2322 1427 2362 expressam
1454 2309 1600 2350 adhuc
1625 2309 1761 2364 patris
1785 2310 1897 2353 Leo-

260 2386 328 2428 nis
352 2385 595 2440 imaginem
622 2385 866 2427 intuemur.

349 2475 392 2515 4.
460 2463 590 2505 Alter
619 2470 687 2503 est
714 2463 763 2503 P.
792 2461 1098 2503 Hieronimus
1126 2461 1285 2503 Gallus
1310 2460 1339 2515 ²,
1373 2461 1446 2515 qui
1480 2470 1698 2505 rectorem
1729 2462 1896 2516 aliquot

260 2554 402 2581 annos
431 2538 475 2580 in
505 2538 697 2593 collegio
729 2537 1035 2579 vniuersitatis
1065 2537 1387 2588 bilhiomensis,
1420 2539 1540 2592 quod
1572 2546 1639 2581 est
1663 2539 1706 2580 in
1731 2539 1893 2590 Gallia,

259 2624 432 2670 egerat,
464 2615 644 2658 lectoris
673 2614 805 2656 simul
830 2622 874 2657 et
903 2613 1251 2665 concionatoris,
1286 2628 1452 2669 magno
1475 2614 1592 2656 illius
1622 2615 1775 2670 populi
1805 2617 1894 2657 fru-

259 2700 351 2746 ctu,
379 2692 641 2734 muneribus
672 2692 951 2746 perfunctus3
979 2697 1078 2745 post
1110 2692 1294 2732 Romam
1319 2699 1523 2743 vocatus,
1559 2699 1605 2733 ut
1639 2692 1896 2747 theologiae

259 2769 534 2810 curriculum
559 2768 829 2819 absolueret,
857 2782 1047 2822 magnos
1071 2766 1115 2808 in
1139 2766 1207 2808 his
1233 2767 1393 2809 studiis
1419 2769 1584 2811 fecerat
1609 2782 1891 2823 progressus.

331 2952 342 2969 2
394 2950 437 2984 Id
457 2956 529 2990 est,
553 2951 592 2985 Ρ.
616 2950 877 2995 Hieronymus
895 2950 947 2983 Le
963 2950 1036 2983 Bas
1052 2948 1254 2992 (Bassius),
1273 2950 1336 2995 qui
1354 2950 1585 2985 billomense
1605 2950 1814 2995 collegium
1834 2962 1889 2985 re·

259 3015 367 3044 xerat
387 3010 434 3043 ab
454 3020 552 3043 anno
577 3017 662 3052 1557
683 3008 729 3043 ad
754 3009 843 3052 1560
862 3015 1090 3043 exeuntem.
1115 3008 1172 3041 Ex
1193 3008 1332 3043 litteris
1352 3020 1422 3043 ms.
