<?xml version="1.0" encoding="UTF-8"?>
<!DOCTYPE html PUBLIC "-//W3C//DTD XHTML 1.0 Transitional//EN"
    "http://www.w3.org/TR/xhtml1/DTD/xhtml1-transitional.dtd">
<html xmlns="http://www.w3.org/1999/xhtml" xml:lang="en" lang="en">
 <head>
  <title>
</title>
<meta http-equiv="Content-Type" content="text/html;charset=utf-8" />
  <meta name='ocr-system' content='tesseract 3.04.00' />
  <meta name='ocr-capabilities' content='ocr_page ocr_carea ocr_par ocr_line ocrx_word'/>
</head>
<body>
  <div class='ocr_page' id='page_1' title='image "./polancicomplemen06pola_0021.png"; bbox 0 0 1971 3276; ppageno 0'>
   <div class='ocr_carea' id='block_1_1' title="bbox 770 192 1663 219">
    <p class='ocr_par' dir='ltr' id='par_1_1' title="bbox 770 192 1663 219">
     <span class='ocr_line' id='line_1_1' title="bbox 770 192 1663 219; baseline 0.001 -2"><span class='ocrx_word' id='word_1_1' title='bbox 770 192 1022 219; x_wconf 84' lang='lat' dir='ltr'>PROOEMIUM</span> <span class='ocrx_word' id='word_1_2' title='bbox 1610 194 1663 218; x_wconf 81' lang='lat' dir='ltr'><strong>XV</strong></span> 
     </span>
    </p>
   </div>
   <div class='ocr_carea' id='block_1_2' title="bbox 80 282 1715 1704">
    <p class='ocr_par' dir='ltr' id='par_1_2' title="bbox 80 282 1711 644">
     <span class='ocr_line' id='line_1_2' title="bbox 81 282 1711 339; baseline -0.002 -11"><span class='ocrx_word' id='word_1_3' title='bbox 81 286 307 337; x_wconf 89' lang='lat' dir='ltr'><strong>interiore,</strong></span> <span class='ocrx_word' id='word_1_4' title='bbox 332 285 454 339; x_wconf 89' lang='lat' dir='ltr'><strong>quod</strong></span> <span class='ocrx_word' id='word_1_5' title='bbox 477 285 620 339; x_wconf 87' lang='lat' dir='ltr'><strong>ajunt,</strong></span> <span class='ocrx_word' id='word_1_6' title='bbox 652 284 761 326; x_wconf 86' lang='lat' dir='ltr'>nihil</span> <span class='ocrx_word' id='word_1_7' title='bbox 785 285 877 327; x_wconf 88' lang='lat' dir='ltr'><strong>fere</strong></span> <span class='ocrx_word' id='word_1_8' title='bbox 901 283 1084 326; x_wconf 86' lang='lat' dir='ltr'><strong>scimus:</strong></span> <span class='ocrx_word' id='word_1_9' title='bbox 1112 283 1190 324; x_wconf 90' lang='lat' dir='ltr'><strong>sed</strong></span> <span class='ocrx_word' id='word_1_10' title='bbox 1219 297 1274 324; x_wconf 87' lang='lat' dir='ltr'><strong>ex</strong></span> <span class='ocrx_word' id='word_1_11' title='bbox 1298 282 1520 325; x_wconf 87' lang='lat' dir='ltr'><strong>fructibus</strong></span> <span class='ocrx_word' id='word_1_12' title='bbox 1550 284 1711 338; x_wconf 89' lang='lat' dir='ltr'><strong>poterit</strong></span> 
     </span>
     <span class='ocr_line' id='line_1_3' title="bbox 80 358 1708 416; baseline -0.002 -12"><span class='ocrx_word' id='word_1_13' title='bbox 80 361 312 416; x_wconf 75' lang='lat' dir='ltr'>cognosci:</span> <span class='ocrx_word' id='word_1_14' title='bbox 338 361 502 404; x_wconf 78' lang='lat' dir='ltr'>etenim</span> <span class='ocrx_word' id='word_1_15' title='bbox 528 375 578 403; x_wconf 87' lang='lat' dir='ltr'><strong>ea</strong></span> <span class='ocrx_word' id='word_1_16' title='bbox 603 360 645 402; x_wconf 90' lang='lat' dir='ltr'><strong>in</strong></span> <span class='ocrx_word' id='word_1_17' title='bbox 670 361 821 403; x_wconf 86' lang='lat' dir='ltr'><strong>labore</strong></span> <span class='ocrx_word' id='word_1_18' title='bbox 844 359 1110 411; x_wconf 88' lang='lat' dir='ltr'><strong>constantia,</strong></span> <span class='ocrx_word' id='word_1_19' title='bbox 1135 358 1180 399; x_wconf 90' lang='lat' dir='ltr'><strong>in</strong></span> <span class='ocrx_word' id='word_1_20' title='bbox 1201 360 1374 401; x_wconf 65' lang='lat' dir='ltr'><strong>vhonore</strong></span> <span class='ocrx_word' id='word_1_21' title='bbox 1404 359 1640 410; x_wconf 85' lang='lat' dir='ltr'><strong>modestia,</strong></span> <span class='ocrx_word' id='word_1_22' title='bbox 1667 359 1708 400; x_wconf 89' lang='lat' dir='ltr'><strong>in</strong></span> 
     </span>
     <span class='ocr_line' id='line_1_4' title="bbox 81 434 1711 491; baseline -0.002 -11"><span class='ocrx_word' id='word_1_23' title='bbox 81 437 384 480; x_wconf 77' lang='lat' dir='ltr'><strong>simultatibus</strong></span> <span class='ocrx_word' id='word_1_24' title='bbox 417 437 734 491; x_wconf 86' lang='lat' dir='ltr'><strong>mansuetudo,</strong></span> <span class='ocrx_word' id='word_1_25' title='bbox 767 436 811 477; x_wconf 93' lang='lat' dir='ltr'><strong>in</strong></span> <span class='ocrx_word' id='word_1_26' title='bbox 842 435 1090 478; x_wconf 88' lang='lat' dir='ltr'><strong>ministerio</strong></span> <span class='ocrx_word' id='word_1_27' title='bbox 1119 434 1298 485; x_wconf 76' lang='lat' dir='ltr'><strong>caritas,</strong></span> <span class='ocrx_word' id='word_1_28' title='bbox 1331 435 1423 477; x_wconf 88' lang='lat' dir='ltr'><strong>vita</strong></span> <span class='ocrx_word' id='word_1_29' title='bbox 1447 449 1580 489; x_wconf 84' lang='lat' dir='ltr'><strong>quam</strong></span> <span class='ocrx_word' id='word_1_30' title='bbox 1611 436 1711 490; x_wconf 91' lang='lat' dir='ltr'><strong>plus</strong></span> 
     </span>
     <span class='ocr_line' id='line_1_5' title="bbox 83 511 1708 568; baseline -0.002 -12"><span class='ocrx_word' id='word_1_31' title='bbox 83 524 135 568; x_wconf 85' lang='lat'><strong>35</strong></span> <span class='ocrx_word' id='word_1_32' title='bbox 161 514 289 556; x_wconf 88' lang='lat' dir='ltr'><strong>annis</strong></span> <span class='ocrx_word' id='word_1_33' title='bbox 313 513 436 556; x_wconf 91' lang='lat' dir='ltr'><strong>omni</strong></span> <span class='ocrx_word' id='word_1_34' title='bbox 457 514 557 556; x_wconf 89' lang='lat' dir='ltr'><strong>labe</strong></span> <span class='ocrx_word' id='word_1_35' title='bbox 580 528 754 568; x_wconf 89' lang='lat' dir='ltr'><strong>puram,</strong></span> <span class='ocrx_word' id='word_1_36' title='bbox 780 513 876 554; x_wconf 88' lang='lat' dir='ltr'><strong>sine</strong></span> <span class='ocrx_word' id='word_1_37' title='bbox 899 511 1034 554; x_wconf 89' lang='lat' dir='ltr'><strong>ullius</strong></span> <span class='ocrx_word' id='word_1_38' title='bbox 1057 511 1260 562; x_wconf 84' lang='lat' dir='ltr'><strong>crimine,</strong></span> <span class='ocrx_word' id='word_1_39' title='bbox 1286 511 1329 552; x_wconf 90' lang='lat' dir='ltr'><strong>in</strong></span> <span class='ocrx_word' id='word_1_40' title='bbox 1354 511 1580 554; x_wconf 76' lang='lat' dir='ltr'><strong>Societate</strong></span> <span class='ocrx_word' id='word_1_41' title='bbox 1598 511 1708 565; x_wconf 85' lang='lat' dir='ltr'><strong>egit,</strong></span> 
     </span>
     <span class='ocr_line' id='line_1_6' title="bbox 81 588 1481 644; baseline -0.001 -13"><span class='ocrx_word' id='word_1_42' title='bbox 81 590 306 633; x_wconf 86' lang='lat' dir='ltr'><strong>hominem</strong></span> <span class='ocrx_word' id='word_1_43' title='bbox 334 604 485 633; x_wconf 88' lang='lat' dir='ltr'><strong>revera</strong></span> <span class='ocrx_word' id='word_1_44' title='bbox 510 604 743 644; x_wconf 89' lang='lat' dir='ltr'><strong>magnum,</strong></span> <span class='ocrx_word' id='word_1_45' title='bbox 771 590 978 644; x_wconf 87' lang='lat' dir='ltr'><strong>probum,</strong></span> <span class='ocrx_word' id='word_1_46' title='bbox 1003 596 1208 630; x_wconf 87' lang='lat' dir='ltr'><strong>sanctum</strong></span> <span class='ocrx_word' id='word_1_47' title='bbox 1234 588 1481 630; x_wconf 88' lang='lat' dir='ltr'><strong>declarant.</strong></span> 
     </span>
    </p>

    <p class='ocr_par' dir='ltr' id='par_1_3' title="bbox 81 664 1715 1704">
     <span class='ocr_line' id='line_1_7' title="bbox 171 664 1712 721; baseline -0.001 -13"><span class='ocrx_word' id='word_1_48' title='bbox 171 667 302 721; x_wconf 76' lang='lat' dir='ltr'><strong>Quae</strong></span> <span class='ocrx_word' id='word_1_49' title='bbox 334 667 478 708; x_wconf 86' lang='lat' dir='ltr'><strong>virtus</strong></span> <span class='ocrx_word' id='word_1_50' title='bbox 510 667 689 708; x_wconf 90' lang='lat' dir='ltr'><strong>culmen</strong></span> <span class='ocrx_word' id='word_1_51' title='bbox 723 665 874 720; x_wconf 89' lang='lat' dir='ltr'><strong>attigit</strong></span> <span class='ocrx_word' id='word_1_52' title='bbox 906 665 980 706; x_wconf 91' lang='lat' dir='ltr'><strong>illa</strong></span> <span class='ocrx_word' id='word_1_53' title='bbox 1012 664 1083 707; x_wconf 90' lang='lat' dir='ltr'><strong>die</strong></span> <span class='ocrx_word' id='word_1_54' title='bbox 1117 678 1205 719; x_wconf 86' lang='lat' dir='ltr'><strong>qua</strong></span> <span class='ocrx_word' id='word_1_55' title='bbox 1234 679 1335 707; x_wconf 91' lang='lat' dir='ltr'><strong>eum</strong></span> <span class='ocrx_word' id='word_1_56' title='bbox 1367 664 1617 719; x_wconf 90' lang='lat' dir='ltr'><strong>aliquorum</strong></span> <span class='ocrx_word' id='word_1_57' title='bbox 1649 672 1712 707; x_wconf 91' lang='lat' dir='ltr'><strong>te-</strong></span> 
     </span>
     <span class='ocr_line' id='line_1_8' title="bbox 81 740 1708 798; baseline -0.001 -13"><span class='ocrx_word' id='word_1_58' title='bbox 81 745 225 785; x_wconf 87' lang='lat' dir='ltr'><strong>chnae</strong></span> <span class='ocrx_word' id='word_1_59' title='bbox 253 756 439 786; x_wconf 88' lang='lat' dir='ltr'><strong>munere</strong></span> <span class='ocrx_word' id='word_1_60' title='bbox 467 742 663 798; x_wconf 79' lang='lat' dir='ltr'>supremi</span> <span class='ocrx_word' id='word_1_61' title='bbox 695 741 942 797; x_wconf 85' lang='lat' dir='ltr'><strong>regiminis,</strong></span> <span class='ocrx_word' id='word_1_62' title='bbox 976 756 1064 795; x_wconf 89' lang='lat' dir='ltr'><strong>quo</strong></span> <span class='ocrx_word' id='word_1_63' title='bbox 1087 741 1315 783; x_wconf 88' lang='lat' dir='ltr'><strong>ornandus</strong></span> <span class='ocrx_word' id='word_1_64' title='bbox 1346 740 1475 784; x_wconf 85' lang='lat' dir='ltr'><strong>facile</strong></span> <span class='ocrx_word' id='word_1_65' title='bbox 1504 740 1708 795; x_wconf 91' lang='lat' dir='ltr'><strong>conjicie-</strong></span> 
     </span>
     <span class='ocr_line' id='line_1_9' title="bbox 83 817 1709 874; baseline -0.001 -14"><span class='ocrx_word' id='word_1_66' title='bbox 83 820 230 870; x_wconf 85' lang='lat' dir='ltr'><strong>batur,</strong></span> <span class='ocrx_word' id='word_1_67' title='bbox 257 819 534 874; x_wconf 89' lang='lat' dir='ltr'><strong>prohibitum</strong></span> <span class='ocrx_word' id='word_1_68' title='bbox 559 820 741 861; x_wconf 88' lang='lat' dir='ltr'><strong>voluere</strong></span> <span class='ocrx_word' id='word_1_69' title='bbox 765 818 927 874; x_wconf 81' lang='lat'>(1573).</span> <span class='ocrx_word' id='word_1_70' title='bbox 955 819 1093 860; x_wconf 90' lang='lat' dir='ltr'><strong>Facta</strong></span> <span class='ocrx_word' id='word_1_71' title='bbox 1117 817 1358 859; x_wconf 84' lang='lat' dir='ltr'>admodum</span> <span class='ocrx_word' id='word_1_72' title='bbox 1381 817 1563 872; x_wconf 88' lang='lat' dir='ltr'><strong>cognita</strong></span> <span class='ocrx_word' id='word_1_73' title='bbox 1587 825 1709 867; x_wconf 78' lang='lat' dir='ltr'><strong>sunt3</strong></span> 
     </span>
     <span class='ocr_line' id='line_1_10' title="bbox 83 893 1712 950; baseline -0.002 -13"><span class='ocrx_word' id='word_1_74' title='bbox 83 896 320 950; x_wconf 88' lang='lat' dir='ltr'><strong>prudentia</strong></span> <span class='ocrx_word' id='word_1_75' title='bbox 359 909 410 937; x_wconf 90' lang='lat' dir='ltr'><strong>ac</strong></span> <span class='ocrx_word' id='word_1_76' title='bbox 449 895 749 938; x_wconf 86' lang='lat' dir='ltr'><strong>mansuetudo</strong></span> <span class='ocrx_word' id='word_1_77' title='bbox 790 894 988 947; x_wconf 84' lang='lat' dir='ltr'><strong>Polanci‚</strong></span> <span class='ocrx_word' id='word_1_78' title='bbox 1032 894 1075 935; x_wconf 91' lang='lat' dir='ltr'><strong>in</strong></span> <span class='ocrx_word' id='word_1_79' title='bbox 1121 908 1198 936; x_wconf 90' lang='lat' dir='ltr'><strong>ore</strong></span> <span class='ocrx_word' id='word_1_80' title='bbox 1241 894 1440 935; x_wconf 91' lang='lat' dir='ltr'><strong>omnium</strong></span> <span class='ocrx_word' id='word_1_81' title='bbox 1480 893 1712 935; x_wconf 84' lang='lat' dir='ltr'><strong>historico-</strong></span> 
     </span>
     <span class='ocr_line' id='line_1_11' title="bbox 82 969 1712 1025; baseline -0.002 -12"><span class='ocrx_word' id='word_1_82' title='bbox 82 986 180 1013; x_wconf 85' lang='lat' dir='ltr'><strong>rum</strong></span> <span class='ocrx_word' id='word_1_83' title='bbox 206 972 254 1014; x_wconf 71' lang='lat'><strong>55.</strong></span> <span class='ocrx_word' id='word_1_84' title='bbox 284 974 393 1016; x_wconf 87' lang='lat' dir='ltr'><strong>Rem</strong></span> <span class='ocrx_word' id='word_1_85' title='bbox 418 985 524 1013; x_wconf 91' lang='lat' dir='ltr'><strong>vero</strong></span> <span class='ocrx_word' id='word_1_86' title='bbox 549 985 682 1013; x_wconf 87' lang='lat' dir='ltr'><strong>unam</strong></span> <span class='ocrx_word' id='word_1_87' title='bbox 707 971 965 1013; x_wconf 78' lang='lat' dir='ltr'><strong>notabimus</strong></span> <span class='ocrx_word' id='word_1_88' title='bbox 987 971 1030 1012; x_wconf 94' lang='lat' dir='ltr'><strong>in</strong></span> <span class='ocrx_word' id='word_1_89' title='bbox 1056 985 1186 1025; x_wconf 85' lang='lat' dir='ltr'><strong>quam</strong></span> <span class='ocrx_word' id='word_1_90' title='bbox 1213 970 1256 1011; x_wconf 91' lang='lat' dir='ltr'><strong>hi</strong></span> <span class='ocrx_word' id='word_1_91' title='bbox 1281 970 1477 1011; x_wconf 89' lang='lat' dir='ltr'><strong>animum</strong></span> <span class='ocrx_word' id='word_1_92' title='bbox 1498 969 1712 1012; x_wconf 88' lang='lat' dir='ltr'><strong>intendis-</strong></span> 
     </span>
     <span class='ocr_line' id='line_1_12' title="bbox 83 1046 1712 1101; baseline -0.002 -11"><span class='ocrx_word' id='word_1_93' title='bbox 83 1063 130 1091; x_wconf 90' lang='lat' dir='ltr'><strong>se</strong></span> <span class='ocrx_word' id='word_1_94' title='bbox 153 1063 241 1090; x_wconf 92' lang='lat' dir='ltr'><strong>non</strong></span> <span class='ocrx_word' id='word_1_95' title='bbox 273 1048 497 1091; x_wconf 76' lang='lat' dir='ltr'><strong>videntur:</strong></span> <span class='ocrx_word' id='word_1_96' title='bbox 529 1062 621 1089; x_wconf 92' lang='lat' dir='ltr'><strong>non</strong></span> <span class='ocrx_word' id='word_1_97' title='bbox 651 1048 783 1089; x_wconf 88' lang='lat' dir='ltr'><strong>modo</strong></span> <span class='ocrx_word' id='word_1_98' title='bbox 813 1046 992 1089; x_wconf 82' lang='lat' dir='ltr'><strong>excludi</strong></span> <span class='ocrx_word' id='word_1_99' title='bbox 1020 1047 1262 1101; x_wconf 87' lang='lat' dir='ltr'><strong>cupiebant</strong></span> <span class='ocrx_word' id='word_1_100' title='bbox 1293 1046 1520 1100; x_wconf 77' lang='lat' dir='ltr'><strong>sigillatim</strong></span> <span class='ocrx_word' id='word_1_101' title='bbox 1554 1046 1712 1088; x_wconf 86' lang='lat' dir='ltr'><strong>Polan-</strong></span> 
     </span>
     <span class='ocr_line' id='line_1_13' title="bbox 83 1123 1712 1180; baseline -0.002 -13"><span class='ocrx_word' id='word_1_102' title='bbox 83 1139 185 1167; x_wconf 91' lang='lat' dir='ltr'><strong>cum</strong></span> <span class='ocrx_word' id='word_1_103' title='bbox 209 1125 238 1166; x_wconf 90' lang='lat' dir='ltr'><strong>ii</strong></span> <span class='ocrx_word' id='word_1_104' title='bbox 262 1125 338 1180; x_wconf 87' lang='lat' dir='ltr'><strong>qui</strong></span> <span class='ocrx_word' id='word_1_105' title='bbox 364 1138 609 1166; x_wconf 80' lang='lat' dir='ltr'><strong>«novorum</strong></span> <span class='ocrx_word' id='word_1_106' title='bbox 633 1124 1005 1166; x_wconf 75' lang='lat' dir='ltr'><strong>christianorum»</strong></span> <span class='ocrx_word' id='word_1_107' title='bbox 1034 1123 1102 1166; x_wconf 89' lang='lat' dir='ltr'><strong>vel</strong></span> <span class='ocrx_word' id='word_1_108' title='bbox 1127 1123 1203 1164; x_wconf 89' lang='lat' dir='ltr'><strong>filii</strong></span> <span class='ocrx_word' id='word_1_109' title='bbox 1227 1124 1295 1164; x_wconf 91' lang='lat' dir='ltr'><strong>vel</strong></span> <span class='ocrx_word' id='word_1_110' title='bbox 1321 1123 1519 1166; x_wconf 74' lang='lat' dir='ltr'><strong>fautores</strong></span> <span class='ocrx_word' id='word_1_111' title='bbox 1545 1130 1592 1164; x_wconf 89' lang='lat' dir='ltr'><strong>ut</strong></span> <span class='ocrx_word' id='word_1_112' title='bbox 1617 1123 1712 1177; x_wconf 85' lang='lat' dir='ltr'><strong>reji-</strong></span> 
     </span>
     <span class='ocr_line' id='line_1_14' title="bbox 84 1199 1712 1255; baseline -0.002 -11"><span class='ocrx_word' id='word_1_113' title='bbox 84 1209 295 1246; x_wconf 86' lang='lat' dir='ltr'><strong>cerentur</strong></span> <span class='ocrx_word' id='word_1_114' title='bbox 318 1201 564 1244; x_wconf 74' lang='lat' dir='ltr'><strong>actitabant</strong></span> <span class='ocrx_word' id='word_1_115' title='bbox 588 1201 638 1253; x_wconf 73' lang='grc'><strong>56;</strong></span> <span class='ocrx_word' id='word_1_116' title='bbox 661 1202 739 1243; x_wconf 88' lang='lat' dir='ltr'><strong>sed</strong></span> <span class='ocrx_word' id='word_1_117' title='bbox 762 1201 804 1242; x_wconf 92' lang='lat' dir='ltr'><strong>in</strong></span> <span class='ocrx_word' id='word_1_118' title='bbox 830 1199 1176 1255; x_wconf 86' lang='lat' dir='ltr'><strong>interrogatorio</strong></span> <span class='ocrx_word' id='word_1_119' title='bbox 1194 1207 1298 1241; x_wconf 91' lang='lat' dir='ltr'><strong>ante</strong></span> <span class='ocrx_word' id='word_1_120' title='bbox 1322 1199 1585 1242; x_wconf 76' lang='lat' dir='ltr'><strong>electionem</strong></span> <span class='ocrx_word' id='word_1_121' title='bbox 1610 1213 1712 1241; x_wconf 90' lang='lat' dir='ltr'><strong>con-</strong></span> 
     </span>
     <span class='ocr_line' id='line_1_15' title="bbox 85 1275 1712 1333; baseline -0.002 -13"><span class='ocrx_word' id='word_1_122' title='bbox 85 1279 202 1322; x_wconf 88' lang='lat' dir='ltr'><strong>fecto</strong></span> <span class='ocrx_word' id='word_1_123' title='bbox 226 1294 249 1320; x_wconf 93' lang='lat' dir='ltr'><strong>a</strong></span> <span class='ocrx_word' id='word_1_124' title='bbox 276 1278 485 1321; x_wconf 86' lang='lat' dir='ltr'><strong>Patribus</strong></span> <span class='ocrx_word' id='word_1_125' title='bbox 504 1277 729 1333; x_wconf 86' lang='lat' dir='ltr'><strong>deputatis</strong></span> <span class='ocrx_word' id='word_1_126' title='bbox 752 1284 801 1319; x_wconf 91' lang='lat' dir='ltr'><strong>ut</strong></span> <span class='ocrx_word' id='word_1_127' title='bbox 824 1277 1027 1320; x_wconf 82' lang='lat' dir='ltr'><strong>viderent</strong></span> <span class='ocrx_word' id='word_1_128' title='bbox 1051 1292 1107 1319; x_wconf 90' lang='lat' dir='ltr'><strong>ne</strong></span> <span class='ocrx_word' id='word_1_129' title='bbox 1125 1276 1232 1330; x_wconf 87' lang='lat' dir='ltr'><strong>quid</strong></span> <span class='ocrx_word' id='word_1_130' title='bbox 1255 1275 1458 1319; x_wconf 85' lang='lat' dir='ltr'><strong>Societas</strong></span> <span class='ocrx_word' id='word_1_131' title='bbox 1476 1276 1712 1318; x_wconf 84' lang='lat' dir='ltr'><strong>detrimen-</strong></span> 
     </span>
     <span class='ocr_line' id='line_1_16' title="bbox 85 1352 1713 1410; baseline -0.002 -13"><span class='ocrx_word' id='word_1_132' title='bbox 85 1355 115 1397; x_wconf 94' lang='lat' dir='ltr'><strong>ti</strong></span> <span class='ocrx_word' id='word_1_133' title='bbox 139 1363 336 1410; x_wconf 87' lang='lat' dir='ltr'><strong>caperet‚</strong></span> <span class='ocrx_word' id='word_1_134' title='bbox 359 1355 577 1409; x_wconf 82' lang='lat' dir='ltr'><strong>quaedam</strong></span> <span class='ocrx_word' id='word_1_135' title='bbox 597 1355 733 1395; x_wconf 84' lang='lat' dir='ltr'><strong>verba</strong></span> <span class='ocrx_word' id='word_1_136' title='bbox 756 1353 1050 1395; x_wconf 86' lang='lat' dir='ltr'><strong>inveniuntur</strong></span> <span class='ocrx_word' id='word_1_137' title='bbox 1068 1367 1198 1407; x_wconf 75' lang='lat' dir='ltr'><strong>quae,</strong></span> <span class='ocrx_word' id='word_1_138' title='bbox 1228 1360 1274 1394; x_wconf 90' lang='lat' dir='ltr'><strong>ut</strong></span> <span class='ocrx_word' id='word_1_139' title='bbox 1299 1352 1428 1394; x_wconf 90' lang='lat' dir='ltr'><strong>nobis</strong></span> <span class='ocrx_word' id='word_1_140' title='bbox 1451 1352 1630 1406; x_wconf 85' lang='lat' dir='ltr'><strong>quidem</strong></span> <span class='ocrx_word' id='word_1_141' title='bbox 1653 1352 1713 1393; x_wconf 91' lang='lat' dir='ltr'><strong>vi-</strong></span> 
     </span>
     <span class='ocr_line' id='line_1_17' title="bbox 85 1429 1714 1487; baseline -0.002 -13"><span class='ocrx_word' id='word_1_142' title='bbox 85 1433 232 1487; x_wconf 87' lang='lat' dir='ltr'><strong>detur,</strong></span> <span class='ocrx_word' id='word_1_143' title='bbox 273 1433 516 1474; x_wconf 83' lang='lat' dir='ltr'><strong>Polancum</strong></span> <span class='ocrx_word' id='word_1_144' title='bbox 552 1430 678 1485; x_wconf 83' lang='lat' dir='ltr'><strong>quasi</strong></span> <span class='ocrx_word' id='word_1_145' title='bbox 712 1431 855 1486; x_wconf 83' lang='lat' dir='ltr'><strong>digito</strong></span> <span class='ocrx_word' id='word_1_146' title='bbox 889 1439 934 1472; x_wconf 90' lang='lat' dir='ltr'><strong>ut</strong></span> <span class='ocrx_word' id='word_1_147' title='bbox 975 1429 1195 1473; x_wconf 80' lang='lat' dir='ltr'><strong>electione</strong></span> <span class='ocrx_word' id='word_1_148' title='bbox 1228 1429 1560 1471; x_wconf 88' lang='lat' dir='ltr'><strong>excludendum</strong></span> <span class='ocrx_word' id='word_1_149' title='bbox 1596 1444 1714 1471; x_wconf 87' lang='lat' dir='ltr'><strong>com—</strong></span> 
     </span>
     <span class='ocr_line' id='line_1_18' title="bbox 88 1505 1715 1561; baseline -0.001 -11"><span class='ocrx_word' id='word_1_150' title='bbox 88 1509 412 1550; x_wconf 87' lang='lat' dir='ltr'><strong>monstrabant.</strong></span> <span class='ocrx_word' id='word_1_151' title='bbox 442 1510 558 1551; x_wconf 83' lang='lat' dir='ltr'><strong>Inter</strong></span> <span class='ocrx_word' id='word_1_152' title='bbox 589 1508 661 1549; x_wconf 87' lang='lat' dir='ltr'><strong>illa</strong></span> <span class='ocrx_word' id='word_1_153' title='bbox 684 1507 802 1549; x_wconf 91' lang='lat' dir='ltr'><strong>enim</strong></span> <span class='ocrx_word' id='word_1_154' title='bbox 826 1522 940 1561; x_wconf 85' lang='lat' dir='ltr'><strong>quae</strong></span> <span class='ocrx_word' id='word_1_155' title='bbox 969 1506 1289 1561; x_wconf 83' lang='lat' dir='ltr'><strong>interroganda</strong></span> <span class='ocrx_word' id='word_1_156' title='bbox 1313 1514 1440 1547; x_wconf 88' lang='lat' dir='ltr'><strong>erant</strong></span> <span class='ocrx_word' id='word_1_157' title='bbox 1470 1505 1588 1548; x_wconf 88' lang='lat' dir='ltr'><strong>circa</strong></span> <span class='ocrx_word' id='word_1_158' title='bbox 1613 1520 1715 1548; x_wconf 87' lang='lat' dir='ltr'><strong>eum</strong></span> 
     </span>
     <span class='ocr_line' id='line_1_19' title="bbox 86 1581 1712 1639; baseline -0.001 -14"><span class='ocrx_word' id='word_1_159' title='bbox 86 1585 162 1639; x_wconf 88' lang='lat' dir='ltr'><strong>qui</strong></span> <span class='ocrx_word' id='word_1_160' title='bbox 185 1585 228 1625; x_wconf 91' lang='lat' dir='ltr'><strong>in</strong></span> <span class='ocrx_word' id='word_1_161' title='bbox 254 1585 555 1639; x_wconf 86' lang='lat' dir='ltr'><strong>praepositum</strong></span> <span class='ocrx_word' id='word_1_162' title='bbox 581 1584 837 1638; x_wconf 78' lang='lat' dir='ltr'><strong>generalem</strong></span> <span class='ocrx_word' id='word_1_163' title='bbox 861 1583 967 1638; x_wconf 87' lang='lat' dir='ltr'><strong>eligi</strong></span> <span class='ocrx_word' id='word_1_164' title='bbox 991 1591 1158 1638; x_wconf 83' lang='lat' dir='ltr'><strong>posset,</strong></span> <span class='ocrx_word' id='word_1_165' title='bbox 1185 1583 1295 1624; x_wconf 85' lang='lat' dir='ltr'><strong>haec</strong></span> <span class='ocrx_word' id='word_1_166' title='bbox 1327 1581 1483 1623; x_wconf 83' lang='lat' dir='ltr'><strong>ultimo</strong></span> <span class='ocrx_word' id='word_1_167' title='bbox 1507 1583 1607 1624; x_wconf 93' lang='lat' dir='ltr'><strong>loco</strong></span> <span class='ocrx_word' id='word_1_168' title='bbox 1631 1583 1712 1624; x_wconf 89' lang='lat' dir='ltr'><strong>ad-</strong></span> 
     </span>
     <span class='ocr_line' id='line_1_20' title="bbox 86 1668 348 1704; baseline 0 -2"><span class='ocrx_word' id='word_1_169' title='bbox 86 1668 348 1704; x_wconf 88' lang='lat' dir='ltr'><strong>censentur:</strong></span> 
     </span>
    </p>
   </div>
   <div class='ocr_carea' id='block_1_3' title="bbox 86 1752 1740 2023">
    <p class='ocr_par' dir='ltr' id='par_1_4' title="bbox 86 1752 1740 2023">
     <span class='ocr_line' id='line_1_21' title="bbox 166 1752 1740 1812; baseline -0.002 -12"><span class='ocrx_word' id='word_1_170' title='bbox 166 1762 253 1800; x_wconf 75' lang='lat' dir='ltr'><strong>«An</strong></span> <span class='ocrx_word' id='word_1_171' title='bbox 281 1764 330 1800; x_wconf 83' lang='lat' dir='ltr'><strong>sit</strong></span> <span class='ocrx_word' id='word_1_172' title='bbox 351 1762 489 1811; x_wconf 83' lang='lat' dir='ltr'><strong>plenus</strong></span> <span class='ocrx_word' id='word_1_173' title='bbox 516 1763 600 1800; x_wconf 90' lang='lat' dir='ltr'><strong>zelo</strong></span> <span class='ocrx_word' id='word_1_174' title='bbox 628 1760 878 1812; x_wconf 79' lang='lat' dir='ltr'><strong>perfectionis</strong></span> <span class='ocrx_word' id='word_1_175' title='bbox 908 1763 1148 1805; x_wconf 82' lang='lat' dir='ltr'><strong>nostrorum,</strong></span> <span class='ocrx_word' id='word_1_176' title='bbox 1172 1764 1208 1798; x_wconf 86' lang='lat' dir='ltr'><strong>et</strong></span> <span class='ocrx_word' id='word_1_177' title='bbox 1229 1761 1357 1809; x_wconf 85' lang='lat' dir='ltr'><strong>magis</strong></span> <span class='ocrx_word' id='word_1_178' title='bbox 1379 1760 1560 1798; x_wconf 86' lang='lat' dir='ltr'><strong>addictus</strong></span> <span class='ocrx_word' id='word_1_179' title='bbox 1583 1759 1712 1798; x_wconf 80' lang='lat' dir='ltr'><strong>officio</strong></span> <span class='ocrx_word' id='word_1_180' title='bbox 1736 1752 1740 1755; x_wconf 16' lang='grc' dir='ltr'><strong><em>Δ</em></strong></span> 
     </span>
     <span class='ocr_line' id='line_1_22' title="bbox 87 1831 1718 1883; baseline -0.001 -13"><span class='ocrx_word' id='word_1_181' title='bbox 87 1834 168 1871; x_wconf 91' lang='lat' dir='ltr'><strong>veri</strong></span> <span class='ocrx_word' id='word_1_182' title='bbox 191 1834 378 1883; x_wconf 82' lang='lat' dir='ltr'><strong>pastoris,</strong></span> <span class='ocrx_word' id='word_1_183' title='bbox 397 1845 512 1882; x_wconf 85' lang='lat' dir='ltr'><strong>quam</strong></span> <span class='ocrx_word' id='word_1_184' title='bbox 534 1833 749 1870; x_wconf 84' lang='lat' dir='ltr'><strong>industrius</strong></span> <span class='ocrx_word' id='word_1_185' title='bbox 772 1836 807 1870; x_wconf 85' lang='lat' dir='ltr'><strong>et</strong></span> <span class='ocrx_word' id='word_1_186' title='bbox 829 1833 1026 1882; x_wconf 82' lang='lat' dir='ltr'><strong>practicus</strong></span> <span class='ocrx_word' id='word_1_187' title='bbox 1049 1833 1085 1869; x_wconf 89' lang='lat' dir='ltr'><strong>in</strong></span> <span class='ocrx_word' id='word_1_188' title='bbox 1108 1831 1341 1869; x_wconf 82' lang='lat' dir='ltr'><strong>exercendis</strong></span> <span class='ocrx_word' id='word_1_189' title='bbox 1363 1842 1433 1880; x_wconf 86' lang='lat' dir='ltr'><strong>per</strong></span> <span class='ocrx_word' id='word_1_190' title='bbox 1463 1842 1507 1868; x_wconf 82' lang='lat' dir='ltr'><strong>se</strong></span> <span class='ocrx_word' id='word_1_191' title='bbox 1529 1834 1595 1868; x_wconf 88' lang='lat' dir='ltr'><strong>aut</strong></span> <span class='ocrx_word' id='word_1_192' title='bbox 1616 1831 1718 1868; x_wconf 85' lang='lat' dir='ltr'><strong>alios</strong></span> 
     </span>
     <span class='ocr_line' id='line_1_23' title="bbox 86 1902 1716 1954; baseline -0.001 -13"><span class='ocrx_word' id='word_1_193' title='bbox 86 1904 216 1942; x_wconf 80' lang='lat' dir='ltr'><strong>litibus</strong></span> <span class='ocrx_word' id='word_1_194' title='bbox 239 1916 285 1942; x_wconf 90' lang='lat' dir='ltr'><strong>ac</strong></span> <span class='ocrx_word' id='word_1_195' title='bbox 306 1905 475 1954; x_wconf 83' lang='lat' dir='ltr'><strong>negotiis</strong></span> <span class='ocrx_word' id='word_1_196' title='bbox 496 1903 792 1954; x_wconf 80' lang='lat' dir='ltr'><strong>temporalibuS,</strong></span> <span class='ocrx_word' id='word_1_197' title='bbox 816 1908 851 1942; x_wconf 88' lang='lat' dir='ltr'><strong>et</strong></span> <span class='ocrx_word' id='word_1_198' title='bbox 873 1905 908 1941; x_wconf 91' lang='lat' dir='ltr'><strong>in</strong></span> <span class='ocrx_word' id='word_1_199' title='bbox 937 1904 1142 1953; x_wconf 85' lang='lat' dir='ltr'><strong>exigendis</strong></span> <span class='ocrx_word' id='word_1_200' title='bbox 1171 1904 1360 1953; x_wconf 88' lang='lat' dir='ltr'><strong>pecuniis,</strong></span> <span class='ocrx_word' id='word_1_201' title='bbox 1383 1904 1420 1940; x_wconf 87' lang='lat' dir='ltr'><strong>et</strong></span> <span class='ocrx_word' id='word_1_202' title='bbox 1442 1914 1489 1940; x_wconf 86' lang='lat' dir='ltr'><strong>ex</strong></span> <span class='ocrx_word' id='word_1_203' title='bbox 1517 1902 1602 1940; x_wconf 83' lang='lat' dir='ltr'><strong>aliis</strong></span> <span class='ocrx_word' id='word_1_204' title='bbox 1625 1914 1716 1952; x_wconf 88' lang='lat' dir='ltr'><strong>pro-</strong></span> 
     </span>
     <span class='ocr_line' id='line_1_24' title="bbox 87 1971 1715 2023; baseline -0.001 -11"><span class='ocrx_word' id='word_1_205' title='bbox 87 1976 225 2013; x_wconf 83' lang='lat' dir='ltr'><strong>vinciis</strong></span> <span class='ocrx_word' id='word_1_206' title='bbox 254 1976 290 2012; x_wconf 86' lang='lat' dir='ltr'><strong>in</strong></span> <span class='ocrx_word' id='word_1_207' title='bbox 320 1975 420 2013; x_wconf 86' lang='lat' dir='ltr'><strong>alias</strong></span> <span class='ocrx_word' id='word_1_208' title='bbox 449 1974 747 2020; x_wconf 80' lang='lat' dir='ltr'><strong>transferendis,</strong></span> <span class='ocrx_word' id='word_1_209' title='bbox 776 1987 862 2022; x_wconf 80' lang='lat' dir='ltr'><strong>curn</strong></span> <span class='ocrx_word' id='word_1_210' title='bbox 893 1975 943 2013; x_wconf 93' lang='lat' dir='ltr'><strong>ob</strong></span> <span class='ocrx_word' id='word_1_211' title='bbox 966 1986 1052 2012; x_wconf 86' lang='lat' dir='ltr'><strong>eam</strong></span> <span class='ocrx_word' id='word_1_212' title='bbox 1076 1986 1239 2012; x_wconf 87' lang='lat' dir='ltr'><strong>causam</strong></span> <span class='ocrx_word' id='word_1_213' title='bbox 1268 1974 1410 2023; x_wconf 87' lang='lat' dir='ltr'><strong>ubique</strong></span> <span class='ocrx_word' id='word_1_214' title='bbox 1433 1971 1624 2011; x_wconf 82' lang='lat' dir='ltr'><strong>Societati</strong></span> <span class='ocrx_word' id='word_1_215' title='bbox 1646 1985 1715 2010; x_wconf 92' lang='lat' dir='ltr'><strong>no-</strong></span> 
     </span>
    </p>
   </div>
   <div class='ocr_carea' id='block_1_4' title="bbox 87 2089 1721 2900">
    <p class='ocr_par' dir='ltr' id='par_1_5' title="bbox 142 2089 1546 2137">
     <span class='ocr_line' id='line_1_25' title="bbox 142 2089 1546 2137; baseline -0.002 -12"><span class='ocrx_word' id='word_1_216' title='bbox 142 2092 171 2110; x_wconf 78' lang='lat'><strong>⁰⁵</strong></span> <span class='ocrx_word' id='word_1_217' title='bbox 222 2092 482 2135; x_wconf 77' lang='lat' dir='ltr'>SACCHINUS,</span> <span class='ocrx_word' id='word_1_218' title='bbox 506 2103 541 2136; x_wconf 91' lang='lat' dir='ltr'><strong>p.</strong></span> <span class='ocrx_word' id='word_1_219' title='bbox 565 2091 630 2136; x_wconf 84' lang='lat' dir='ltr'><strong>IV,</strong></span> <span class='ocrx_word' id='word_1_220' title='bbox 649 2093 672 2128; x_wconf 87' lang='lat' dir='ltr'><strong>l.</strong></span> <span class='ocrx_word' id='word_1_221' title='bbox 695 2093 723 2135; x_wconf 82' lang='grc' dir='ltr'><strong>Ι,</strong></span> <span class='ocrx_word' id='word_1_222' title='bbox 746 2104 782 2126; x_wconf 90' lang='lat' dir='ltr'><strong>n.</strong></span> <span class='ocrx_word' id='word_1_223' title='bbox 809 2100 850 2125; x_wconf 83' lang='lat'><strong>10</strong></span> <span class='ocrx_word' id='word_1_224' title='bbox 870 2102 970 2137; x_wconf 86' lang='lat' dir='ltr'><strong>sqq.;</strong></span> <span class='ocrx_word' id='word_1_225' title='bbox 994 2092 1199 2132; x_wconf 82' lang='lat' dir='ltr'><strong>ASTRAiN,</strong></span> <span class='ocrx_word' id='word_1_226' title='bbox 1221 2089 1289 2133; x_wconf 82' lang='grc' dir='ltr'><strong>ΙΙΙ7</strong></span> <span class='ocrx_word' id='word_1_227' title='bbox 1311 2099 1332 2133; x_wconf 83' lang='lat'>4</span> <span class='ocrx_word' id='word_1_228' title='bbox 1351 2100 1451 2135; x_wconf 85' lang='lat' dir='ltr'><strong>sqq.;</strong></span> <span class='ocrx_word' id='word_1_229' title='bbox 1473 2094 1546 2122; x_wconf 91' lang='lat' dir='ltr'><strong>etc.</strong></span> 
     </span>
    </p>

    <p class='ocr_par' dir='ltr' id='par_1_6' title="bbox 87 2146 1721 2900">
     <span class='ocr_line' id='line_1_26' title="bbox 140 2146 1718 2193; baseline -0.003 -8"><span class='ocrx_word' id='word_1_230' title='bbox 140 2150 170 2169; x_wconf 71' lang='lat'><strong>5⁶</strong></span> <span class='ocrx_word' id='word_1_231' title='bbox 218 2150 354 2185; x_wconf 85' lang='lat' dir='ltr'><strong>Clarus</strong></span> <span class='ocrx_word' id='word_1_232' title='bbox 374 2150 417 2185; x_wconf 89' lang='lat' dir='ltr'><strong>P.</strong></span> <span class='ocrx_word' id='word_1_233' title='bbox 438 2150 840 2193; x_wconf 70' lang='lat' dir='ltr'>TACCHx-VENTUffl,</span> <span class='ocrx_word' id='word_1_234' title='bbox 863 2150 999 2184; x_wconf 79' lang='lat' dir='ltr'><strong>Storia</strong></span> <span class='ocrx_word' id='word_1_235' title='bbox 1021 2149 1125 2184; x_wconf 78' lang='lat' dir='ltr'><strong>della</strong></span> <span class='ocrx_word' id='word_1_236' title='bbox 1150 2149 1190 2183; x_wconf 85' lang='lat' dir='ltr'><strong>C.</strong></span> <span class='ocrx_word' id='word_1_237' title='bbox 1213 2150 1255 2182; x_wconf 68' lang='lat' dir='ltr'><strong>di</strong></span> <span class='ocrx_word' id='word_1_238' title='bbox 1279 2147 1326 2182; x_wconf 90' lang='lat' dir='ltr'><strong>G.</strong></span> <span class='ocrx_word' id='word_1_239' title='bbox 1349 2149 1388 2182; x_wconf 77' lang='lat' dir='ltr'><strong>in</strong></span> <span class='ocrx_word' id='word_1_240' title='bbox 1419 2148 1554 2189; x_wconf 78' lang='lat' dir='ltr'><strong>Italia,</strong></span> <span class='ocrx_word' id='word_1_241' title='bbox 1579 2147 1610 2187; x_wconf 86' lang='lat' dir='ltr'><strong>J,</strong></span> <span class='ocrx_word' id='word_1_242' title='bbox 1636 2146 1718 2190; x_wconf 69' lang='lat'><strong>481,</strong></span> 
     </span>
     <span class='ocr_line' id='line_1_27' title="bbox 87 2206 1721 2254; baseline -0.002 -11"><span class='ocrx_word' id='word_1_243' title='bbox 87 2209 290 2254; x_wconf 83' lang='lat' dir='ltr'><strong>epistolam</strong></span> <span class='ocrx_word' id='word_1_244' title='bbox 311 2209 433 2243; x_wconf 88' lang='lat' dir='ltr'><strong>Patris</strong></span> <span class='ocrx_word' id='word_1_245' title='bbox 455 2209 648 2244; x_wconf 81' lang='lat' dir='ltr'><strong>Francisei</strong></span> <span class='ocrx_word' id='word_1_246' title='bbox 671 2209 827 2243; x_wconf 86' lang='lat' dir='ltr'><strong>Adorno</strong></span> <span class='ocrx_word' id='word_1_247' title='bbox 845 2208 892 2243; x_wconf 83' lang='lat' dir='ltr'><strong>ad</strong></span> <span class='ocrx_word' id='word_1_248' title='bbox 912 2209 950 2244; x_wconf 87' lang='lat' dir='ltr'><strong>S.</strong></span> <span class='ocrx_word' id='word_1_249' title='bbox 973 2209 1153 2243; x_wconf 78' lang='lat' dir='ltr'><strong>Carolum</strong></span> <span class='ocrx_word' id='word_1_250' title='bbox 1174 2209 1447 2241; x_wconf 81' lang='lat' dir='ltr'><strong>Borromaeum</strong></span> <span class='ocrx_word' id='word_1_251' title='bbox 1465 2206 1599 2249; x_wconf 78' lang='lat' dir='ltr'><strong>edens,</strong></span> <span class='ocrx_word' id='word_1_252' title='bbox 1620 2206 1721 2240; x_wconf 85' lang='lat' dir='ltr'><strong>allu-</strong></span> 
     </span>
     <span class='ocr_line' id='line_1_28' title="bbox 87 2265 1714 2312; baseline 0 -12"><span class='ocrx_word' id='word_1_253' title='bbox 87 2267 236 2301; x_wconf 82' lang='lat' dir='ltr'><strong>sionem</strong></span> <span class='ocrx_word' id='word_1_254' title='bbox 256 2273 363 2301; x_wconf 80' lang='lat' dir='ltr'><strong>notat</strong></span> <span class='ocrx_word' id='word_1_255' title='bbox 388 2267 434 2301; x_wconf 87' lang='lat' dir='ltr'><strong>ad</strong></span> <span class='ocrx_word' id='word_1_256' title='bbox 455 2267 664 2302; x_wconf 87' lang='lat' dir='ltr'><strong>Polancum</strong></span> <span class='ocrx_word' id='word_1_257' title='bbox 684 2269 749 2303; x_wconf 88' lang='lat' dir='ltr'><strong>ubi</strong></span> <span class='ocrx_word' id='word_1_258' title='bbox 774 2268 821 2302; x_wconf 89' lang='lat' dir='ltr'><strong>de</strong></span> <span class='ocrx_word' id='word_1_259' title='bbox 839 2279 983 2312; x_wconf 82' lang='lat' dir='ltr'><strong>genere</strong></span> <span class='ocrx_word' id='word_1_260' title='bbox 1005 2266 1131 2311; x_wconf 85' lang='lat' dir='ltr'><strong>agitur</strong></span> <span class='ocrx_word' id='word_1_261' title='bbox 1147 2277 1360 2300; x_wconf 84' lang='lat' dir='ltr'><strong>«novorum</strong></span> <span class='ocrx_word' id='word_1_262' title='bbox 1380 2265 1714 2300; x_wconf 77' lang='lat' dir='ltr'><strong>christianorum».</strong></span> 
     </span>
     <span class='ocr_line' id='line_1_29' title="bbox 87 2323 1714 2372; baseline -0.002 -13"><span class='ocrx_word' id='word_1_263' title='bbox 87 2325 127 2359; x_wconf 87' lang='lat' dir='ltr'><strong>P.</strong></span> <span class='ocrx_word' id='word_1_264' title='bbox 158 2325 288 2368; x_wconf 82' lang='lat' dir='ltr'>ROSA‚</span> <span class='ocrx_word' id='word_1_265' title='bbox 317 2325 355 2359; x_wconf 90' lang='lat' dir='ltr'><strong>S.</strong></span> <span class='ocrx_word' id='word_1_266' title='bbox 378 2327 429 2370; x_wconf 90' lang='lat' dir='ltr'><strong>J.,</strong></span> <span class='ocrx_word' id='word_1_267' title='bbox 451 2332 583 2360; x_wconf 88' lang='lat' dir='ltr'><strong>auctor</strong></span> <span class='ocrx_word' id='word_1_268' title='bbox 608 2327 789 2372; x_wconf 89' lang='lat' dir='ltr'><strong>pulchrae</strong></span> <span class='ocrx_word' id='word_1_269' title='bbox 805 2326 993 2371; x_wconf 87' lang='lat' dir='ltr'><strong>epitomes</strong></span> <span class='ocrx_word' id='word_1_270' title='bbox 1013 2325 1206 2359; x_wconf 87' lang='lat' dir='ltr'><strong>Historiae</strong></span> <span class='ocrx_word' id='word_1_271' title='bbox 1225 2324 1447 2367; x_wconf 84' lang='lat' dir='ltr'><strong>Societatis,</strong></span> <span class='ocrx_word' id='word_1_272' title='bbox 1470 2323 1495 2357; x_wconf 96' lang='lat' dir='ltr'><em>I</em></span> <span class='ocrx_word' id='word_1_273' title='bbox 1511 2323 1714 2358; x_wconf 66' lang='lat' dir='ltr'><strong>Gesuz‘ti...</strong></span> 
     </span>
     <span class='ocr_line' id='line_1_30' title="bbox 91 2376 1719 2430; baseline -0.002 -12"><span class='ocrx_word' id='word_1_274' title='bbox 91 2384 216 2419; x_wconf 72' lang='lat' dir='ltr'><strong>Canni</strong></span> <span class='ocrx_word' id='word_1_275' title='bbox 236 2385 393 2427; x_wconf 78' lang='lat' dir='ltr'><strong>Storicz,</strong></span> <span class='ocrx_word' id='word_1_276' title='bbox 417 2396 504 2430; x_wconf 84' lang='lat' dir='ltr'><strong>pag.</strong></span> <span class='ocrx_word' id='word_1_277' title='bbox 526 2394 605 2429; x_wconf 75' lang='lat'>217,</span> <span class='ocrx_word' id='word_1_278' title='bbox 630 2386 837 2420; x_wconf 89' lang='lat' dir='ltr'><strong>Polancum</strong></span> <span class='ocrx_word' id='word_1_279' title='bbox 858 2385 911 2419; x_wconf 85' lang='lat' dir='ltr'><strong>ait</strong></span> <span class='ocrx_word' id='word_1_280' title='bbox 930 2376 1106 2430; x_wconf 77' lang='lat' dir='ltr'><strong>putatum</strong></span> <span class='ocrx_word' id='word_1_281' title='bbox 1126 2395 1213 2417; x_wconf 87' lang='lat' dir='ltr'><strong>esse</strong></span> <span class='ocrx_word' id='word_1_282' title='bbox 1241 2383 1324 2417; x_wconf 87' lang='lat' dir='ltr'><strong>sive</strong></span> <span class='ocrx_word' id='word_1_283' title='bbox 1345 2388 1573 2427; x_wconf 83' lang='lat' dir='ltr'><strong>prognatum</strong></span> <span class='ocrx_word' id='word_1_284' title='bbox 1601 2381 1719 2415; x_wconf 79' lang='lat' dir='ltr'><strong>«chri-</strong></span> 
     </span>
     <span class='ocr_line' id='line_1_31' title="bbox 87 2441 1721 2489; baseline -0.003 -10"><span class='ocrx_word' id='word_1_285' title='bbox 87 2445 225 2479; x_wconf 84' lang='lat' dir='ltr'><strong>stianis</strong></span> <span class='ocrx_word' id='word_1_286' title='bbox 252 2445 386 2478; x_wconf 88' lang='lat' dir='ltr'><strong>novis»</strong></span> <span class='ocrx_word' id='word_1_287' title='bbox 415 2445 500 2478; x_wconf 87' lang='lat' dir='ltr'><strong>sive</strong></span> <span class='ocrx_word' id='word_1_288' title='bbox 528 2456 660 2479; x_wconf 85' lang='lat' dir='ltr'><strong>eorum</strong></span> <span class='ocrx_word' id='word_1_289' title='bbox 688 2445 891 2487; x_wconf 84' lang='lat' dir='ltr'><strong>fautorem,</strong></span> <span class='ocrx_word' id='word_1_290' title='bbox 920 2443 1020 2489; x_wconf 87' lang='lat' dir='ltr'><strong>quod</strong></span> <span class='ocrx_word' id='word_1_291' title='bbox 1040 2449 1078 2477; x_wconf 90' lang='lat' dir='ltr'><strong>et</strong></span> <span class='ocrx_word' id='word_1_292' title='bbox 1107 2443 1352 2477; x_wconf 74' lang='lat' dir='ltr'>SACCHINUS</span> <span class='ocrx_word' id='word_1_293' title='bbox 1379 2441 1721 2483; x_wconf 87' lang='lat' dir='ltr'><strong>animadverterat,</strong></span> 
     </span>
     <span class='ocr_line' id='line_1_32' title="bbox 89 2499 1721 2548; baseline -0.002 -12"><span class='ocrx_word' id='word_1_294' title='bbox 89 2503 210 2548; x_wconf 84' lang='lat' dir='ltr'><strong>p‚1V‚</strong></span> <span class='ocrx_word' id='word_1_295' title='bbox 233 2504 256 2540; x_wconf 90' lang='lat' dir='ltr'><strong>l.</strong></span> <span class='ocrx_word' id='word_1_296' title='bbox 277 2503 306 2547; x_wconf 78' lang='lat' dir='ltr'><strong>I,</strong></span> <span class='ocrx_word' id='word_1_297' title='bbox 329 2515 367 2537; x_wconf 91' lang='lat' dir='ltr'><strong>n.</strong></span> <span class='ocrx_word' id='word_1_298' title='bbox 393 2502 453 2539; x_wconf 84' lang='lat'><strong>30.</strong></span> <span class='ocrx_word' id='word_1_299' title='bbox 482 2504 622 2538; x_wconf 86' lang='lat' dir='ltr'><strong>Fautor</strong></span> <span class='ocrx_word' id='word_1_300' title='bbox 650 2515 789 2548; x_wconf 88' lang='lat' dir='ltr'><strong>nempe</strong></span> <span class='ocrx_word' id='word_1_301' title='bbox 819 2514 865 2537; x_wconf 85' lang='lat' dir='ltr'><strong>ex</strong></span> <span class='ocrx_word' id='word_1_302' title='bbox 886 2515 932 2537; x_wconf 90' lang='lat' dir='ltr'><strong>eo</strong></span> <span class='ocrx_word' id='word_1_303' title='bbox 958 2502 1160 2536; x_wconf 87' lang='lat' dir='ltr'><strong>dicebatur</strong></span> <span class='ocrx_word' id='word_1_304' title='bbox 1186 2500 1289 2547; x_wconf 90' lang='lat' dir='ltr'><strong>quod</strong></span> <span class='ocrx_word' id='word_1_305' title='bbox 1317 2512 1383 2534; x_wconf 91' lang='lat' dir='ltr'><strong>eos</strong></span> <span class='ocrx_word' id='word_1_306' title='bbox 1411 2500 1588 2534; x_wconf 89' lang='lat' dir='ltr'><strong>homines</strong></span> <span class='ocrx_word' id='word_1_307' title='bbox 1615 2499 1721 2533; x_wconf 89' lang='lat' dir='ltr'><strong>aditu</strong></span> 
     </span>
     <span class='ocr_line' id='line_1_33' title="bbox 89 2558 1721 2607; baseline -0.003 -11"><span class='ocrx_word' id='word_1_308' title='bbox 89 2562 294 2596; x_wconf 88' lang='lat' dir='ltr'><strong>Societatis</strong></span> <span class='ocrx_word' id='word_1_309' title='bbox 316 2562 473 2596; x_wconf 88' lang='lat' dir='ltr'><strong>minime</strong></span> <span class='ocrx_word' id='word_1_310' title='bbox 493 2561 738 2596; x_wconf 83' lang='lat' dir='ltr'><strong>excludebat.</strong></span> <span class='ocrx_word' id='word_1_311' title='bbox 763 2562 876 2607; x_wconf 77' lang='lat' dir='ltr'><strong>Quod</strong></span> <span class='ocrx_word' id='word_1_312' title='bbox 896 2566 1025 2595; x_wconf 89' lang='lat' dir='ltr'><strong>autem</strong></span> <span class='ocrx_word' id='word_1_313' title='bbox 1045 2560 1203 2605; x_wconf 82' lang='lat' dir='ltr'><strong>genitus</strong></span> <span class='ocrx_word' id='word_1_314' title='bbox 1223 2565 1328 2593; x_wconf 86' lang='lat' dir='ltr'><strong>esset</strong></span> <span class='ocrx_word' id='word_1_315' title='bbox 1341 2558 1531 2602; x_wconf 81' lang='lat' dir='ltr'><strong>sanguine</strong></span> <span class='ocrx_word' id='word_1_316' title='bbox 1551 2558 1721 2603; x_wconf 88' lang='lat' dir='ltr'><strong>neophy-</strong></span> 
     </span>
     <span class='ocr_line' id='line_1_34' title="bbox 89 2617 1721 2666; baseline -0.003 -11"><span class='ocrx_word' id='word_1_317' title='bbox 89 2626 228 2663; x_wconf 89' lang='lat' dir='ltr'><strong>torum,</strong></span> <span class='ocrx_word' id='word_1_318' title='bbox 250 2621 387 2655; x_wconf 88' lang='lat' dir='ltr'><strong>nullibi</strong></span> <span class='ocrx_word' id='word_1_319' title='bbox 404 2621 574 2666; x_wconf 89' lang='lat' dir='ltr'><strong>reperire</strong></span> <span class='ocrx_word' id='word_1_320' title='bbox 595 2621 802 2666; x_wconf 87' lang='lat' dir='ltr'><strong>potuimus.</strong></span> <span class='ocrx_word' id='word_1_321' title='bbox 826 2620 939 2655; x_wconf 88' lang='lat' dir='ltr'><strong>Haud</strong></span> <span class='ocrx_word' id='word_1_322' title='bbox 955 2620 1077 2654; x_wconf 90' lang='lat' dir='ltr'><strong>invite</strong></span> <span class='ocrx_word' id='word_1_323' title='bbox 1094 2619 1131 2653; x_wconf 88' lang='lat' dir='ltr'><strong>id</strong></span> <span class='ocrx_word' id='word_1_324' title='bbox 1149 2618 1410 2663; x_wconf 87' lang='lat' dir='ltr'><strong>crederemus;</strong></span> <span class='ocrx_word' id='word_1_325' title='bbox 1433 2617 1501 2651; x_wconf 88' lang='lat' dir='ltr'><strong>sed</strong></span> <span class='ocrx_word' id='word_1_326' title='bbox 1521 2628 1647 2663; x_wconf 87' lang='lat' dir='ltr'><strong>neque</strong></span> <span class='ocrx_word' id='word_1_327' title='bbox 1667 2622 1721 2650; x_wconf 87' lang='lat' dir='ltr'><strong>te-</strong></span> 
     </span>
     <span class='ocr_line' id='line_1_35' title="bbox 89 2676 1720 2724; baseline -0.002 -11"><span class='ocrx_word' id='word_1_328' title='bbox 89 2679 312 2714; x_wconf 88' lang='lat' dir='ltr'><strong>stimonium</strong></span> <span class='ocrx_word' id='word_1_329' title='bbox 333 2680 468 2724; x_wconf 78' lang='lat' dir='ltr'><strong>ullum,</strong></span> <span class='ocrx_word' id='word_1_330' title='bbox 486 2679 632 2714; x_wconf 89' lang='lat' dir='ltr'><strong>dictum</strong></span> <span class='ocrx_word' id='word_1_331' title='bbox 656 2679 827 2724; x_wconf 79' lang='lat' dir='ltr'><strong>firmans,</strong></span> <span class='ocrx_word' id='word_1_332' title='bbox 854 2680 1011 2714; x_wconf 85' lang='lat' dir='ltr'><strong>allatum</strong></span> <span class='ocrx_word' id='word_1_333' title='bbox 1032 2683 1104 2721; x_wconf 85' lang='lat' dir='ltr'><strong>est,</strong></span> <span class='ocrx_word' id='word_1_334' title='bbox 1127 2677 1230 2724; x_wconf 89' lang='lat' dir='ltr'><strong>quod</strong></span> <span class='ocrx_word' id='word_1_335' title='bbox 1255 2676 1436 2719; x_wconf 85' lang='lat' dir='ltr'><strong>sciamus;</strong></span> <span class='ocrx_word' id='word_1_336' title='bbox 1458 2681 1498 2710; x_wconf 88' lang='lat' dir='ltr'><strong>et</strong></span> <span class='ocrx_word' id='word_1_337' title='bbox 1523 2687 1584 2710; x_wconf 87' lang='lat' dir='ltr'><strong>res</strong></span> <span class='ocrx_word' id='word_1_338' title='bbox 1604 2676 1720 2709; x_wconf 89' lang='lat' dir='ltr'><strong>vesti-</strong></span> 
     </span>
     <span class='ocr_line' id='line_1_36' title="bbox 88 2733 1721 2784; baseline -0.003 -12"><span class='ocrx_word' id='word_1_339' title='bbox 88 2742 181 2782; x_wconf 85' lang='lat' dir='ltr'><strong>gatu</strong></span> <span class='ocrx_word' id='word_1_340' title='bbox 201 2744 260 2772; x_wconf 85' lang='lat' dir='ltr'><strong>est</strong></span> <span class='ocrx_word' id='word_1_341' title='bbox 277 2738 521 2780; x_wconf 85' lang='lat' dir='ltr'><strong>difficillima,</strong></span> <span class='ocrx_word' id='word_1_342' title='bbox 542 2737 643 2784; x_wconf 91' lang='lat' dir='ltr'><strong>quod</strong></span> <span class='ocrx_word' id='word_1_343' title='bbox 664 2744 914 2773; x_wconf 88' lang='lat' dir='ltr'><strong>monumenta</strong></span> <span class='ocrx_word' id='word_1_344' title='bbox 940 2737 1195 2782; x_wconf 85' lang='lat' dir='ltr'><strong>genealogica</strong></span> <span class='ocrx_word' id='word_1_345' title='bbox 1220 2735 1360 2780; x_wconf 83' lang='lat' dir='ltr'><strong>Burgis</strong></span> <span class='ocrx_word' id='word_1_346' title='bbox 1380 2734 1573 2769; x_wconf 83' lang='lat' dir='ltr'><strong>exstantia</strong></span> <span class='ocrx_word' id='word_1_347' title='bbox 1593 2733 1721 2768; x_wconf 93' lang='lat' dir='ltr'><strong>admo·</strong></span> 
     </span>
     <span class='ocr_line' id='line_1_37' title="bbox 88 2792 1721 2841; baseline -0.003 -11"><span class='ocrx_word' id='word_1_348' title='bbox 88 2795 179 2830; x_wconf 91' lang='lat' dir='ltr'><strong>dum</strong></span> <span class='ocrx_word' id='word_1_349' title='bbox 200 2796 276 2831; x_wconf 85' lang='lat' dir='ltr'><strong>sint</strong></span> <span class='ocrx_word' id='word_1_350' title='bbox 295 2796 534 2841; x_wconf 89' lang='lat' dir='ltr'><strong>imperfecta.</strong></span> <span class='ocrx_word' id='word_1_351' title='bbox 557 2798 617 2830; x_wconf 85' lang='lat' dir='ltr'><strong>An</strong></span> <span class='ocrx_word' id='word_1_352' title='bbox 637 2796 685 2830; x_wconf 85' lang='lat' dir='ltr'><strong>de</strong></span> <span class='ocrx_word' id='word_1_353' title='bbox 699 2808 845 2841; x_wconf 86' lang='lat' dir='ltr'><strong>genere</strong></span> <span class='ocrx_word' id='word_1_354' title='bbox 860 2797 1143 2841; x_wconf 89' lang='lat' dir='ltr'><strong>neophytorum</strong></span> <span class='ocrx_word' id='word_1_355' title='bbox 1166 2805 1364 2839; x_wconf 85' lang='lat' dir='ltr'><strong>perperam</strong></span> <span class='ocrx_word' id='word_1_356' title='bbox 1381 2793 1521 2836; x_wconf 81' lang='lat' dir='ltr'><strong>dictus,</strong></span> <span class='ocrx_word' id='word_1_357' title='bbox 1540 2793 1630 2838; x_wconf 84' lang='lat' dir='ltr'><strong>quia</strong></span> <span class='ocrx_word' id='word_1_358' title='bbox 1646 2792 1721 2826; x_wconf 90' lang='lat' dir='ltr'><strong>illis</strong></span> 
     </span>
     <span class='ocr_line' id='line_1_38' title="bbox 88 2851 1721 2900; baseline -0.003 -12"><span class='ocrx_word' id='word_1_359' title='bbox 88 2854 244 2889; x_wconf 53' lang='lat' dir='ltr'><strong>faverit?</strong></span> <span class='ocrx_word' id='word_1_360' title='bbox 262 2854 376 2899; x_wconf 78' lang='lat' dir='ltr'><strong>Quod</strong></span> <span class='ocrx_word' id='word_1_361' title='bbox 401 2855 433 2889; x_wconf 87' lang='lat' dir='ltr'><strong>si</strong></span> <span class='ocrx_word' id='word_1_362' title='bbox 454 2854 617 2900; x_wconf 85' lang='lat' dir='ltr'><strong>judaeos</strong></span> <span class='ocrx_word' id='word_1_363' title='bbox 645 2866 720 2889; x_wconf 91' lang='lat' dir='ltr'><strong>non</strong></span> <span class='ocrx_word' id='word_1_364' title='bbox 747 2856 903 2889; x_wconf 87' lang='lat' dir='ltr'><strong>horrere</strong></span> <span class='ocrx_word' id='word_1_365' title='bbox 930 2853 1083 2889; x_wconf 88' lang='lat' dir='ltr'><strong>crimini</strong></span> <span class='ocrx_word' id='word_1_366' title='bbox 1111 2852 1341 2887; x_wconf 88' lang='lat' dir='ltr'><strong>vertendum</strong></span> <span class='ocrx_word' id='word_1_367' title='bbox 1371 2851 1458 2895; x_wconf 84' lang='lat' dir='ltr'><strong>fuit,</strong></span> <span class='ocrx_word' id='word_1_368' title='bbox 1486 2856 1576 2885; x_wconf 88' lang='lat' dir='ltr'><strong>nota</strong></span> <span class='ocrx_word' id='word_1_369' title='bbox 1604 2851 1721 2884; x_wconf 86' lang='lat' dir='ltr'><strong>etiam</strong></span> 
     </span>
    </p>
   </div>
   <div class='ocr_carea' id='block_1_5' title="bbox 92 2908 1720 3015">
    <p class='ocr_par' dir='ltr' id='par_1_7' title="bbox 92 2908 1720 3015">
     <span class='ocr_line' id='line_1_39' title="bbox 92 2908 1720 2957; baseline -0.002 -11"><span class='ocrx_word' id='word_1_370' title='bbox 92 2923 230 2957; x_wconf 85' lang='lat' dir='ltr'><strong>magno</strong></span> <span class='ocrx_word' id='word_1_371' title='bbox 249 2913 403 2948; x_wconf 88' lang='lat' dir='ltr'><strong>Parenti</strong></span> <span class='ocrx_word' id='word_1_372' title='bbox 419 2914 571 2956; x_wconf 69' lang='lat' dir='ltr'><strong>Ignatio</strong></span> <span class='ocrx_word' id='word_1_373' title='bbox 591 2913 792 2948; x_wconf 88' lang='lat' dir='ltr'><strong>inurenda:</strong></span> <span class='ocrx_word' id='word_1_374' title='bbox 810 2913 944 2947; x_wconf 87' lang='lat' dir='ltr'><strong>videas</strong></span> <span class='ocrx_word' id='word_1_375' title='bbox 963 2912 1119 2947; x_wconf 87' lang='lat' dir='ltr'><strong>omnino</strong></span> <span class='ocrx_word' id='word_1_376' title='bbox 1141 2912 1319 2945; x_wconf 68' lang='lat' dir='ltr'><strong>Monam.</strong></span> <span class='ocrx_word' id='word_1_377' title='bbox 1339 2910 1487 2956; x_wconf 84' lang='lat' dir='ltr'><strong>Ignat.‚</strong></span> <span class='ocrx_word' id='word_1_378' title='bbox 1506 2920 1580 2943; x_wconf 88' lang='lat' dir='ltr'><strong>ser.</strong></span> <span class='ocrx_word' id='word_1_379' title='bbox 1602 2909 1669 2953; x_wconf 72' lang='lat'><strong>4¹,</strong></span> <span class='ocrx_word' id='word_1_380' title='bbox 1689 2908 1720 2951; x_wconf 81' lang='grc' dir='ltr'><strong>Ι,</strong></span> 
     </span>
     <span class='ocr_line' id='line_1_40' title="bbox 92 2970 312 3015; baseline 0.014 -11"><span class='ocrx_word' id='word_1_381' title='bbox 92 2970 174 3015; x_wconf 82' lang='lat'>398,</span> <span class='ocrx_word' id='word_1_382' title='bbox 196 2983 230 3005; x_wconf 91' lang='lat' dir='ltr'><strong>n.</strong></span> <span class='ocrx_word' id='word_1_383' title='bbox 254 2971 312 3008; x_wconf 88' lang='lat'><strong>32.</strong></span> 
     </span>
    </p>
   </div>
  </div>
 </body>
</html>
