1971 3276
548 241 688 275 EPIST.
731 242 959 285 119.-15o5
987 249 1073 276 AUT
1101 242 1189 284 1566
1564 252 1631 287 545

51 351 235 395 matam,
261 349 305 385 et
328 356 470 397 nuper
493 356 517 384 a
540 356 668 384 sacro
690 342 982 384 oecumenico
1001 342 1242 385 tridentino
1260 343 1450 385 concilio
1468 345 1680 398 approba-

54 427 143 461 tam
179 419 331 462 fuisse.
368 418 510 460 Cuius
546 418 784 461 Societatis
818 427 997 474 propter
1034 420 1195 462 uberes
1230 420 1419 471 fructus,
1455 433 1567 473 quos
1601 421 1682 463 Dei

51 495 272 539 ecclesiae
305 495 373 537 his
409 503 498 537 tam
535 495 806 537 turbulentis
840 496 1115 550 temporibus
1152 496 1318 550 attulit,
1360 511 1449 539 non
1483 496 1528 538 in
1561 497 1684 539 Italia

57 573 188 614 modo
210 580 254 615 et
279 573 324 613 in
349 571 596 627 Hispaniae
613 585 664 614 ac
694 572 952 616 Lusitaniae
975 572 1143 627 regnis,
1168 574 1245 615 sed
1268 572 1313 615 in
1337 573 1476 628 ipsius
1497 574 1681 616 Germa—

55 649 155 692 niae
178 649 330 691 multis
353 648 462 690 locis
482 655 527 692 et
550 648 595 690 in
620 649 727 690 vrbe
756 648 879 703 regia
905 650 1164 700 Bohemiae,
1193 651 1356 705 Praga,
1383 650 1584 694 eiusdem
1604 651 1685 694 So-

54 725 229 769 cietatis
263 724 589 767 catholicorum
621 739 730 767 cura
762 732 806 768 et
839 725 988 767 studio
1024 726 1213 781 collegia
1247 726 1450 769 instituta
1485 727 1682 769 fuerunt3

55 816 168 856 quae
196 808 390 852 constat,
418 802 514 844 Deo
547 801 747 855 iuuante,
775 802 964 843 multum
994 802 1038 842 in
1074 802 1364 857 reprimendis
1404 803 1682 856 haeresibus,

55 877 380 932 haereticisque
398 877 506 933 ipsis
524 878 579 920 ad
599 877 815 920 unitatem
833 879 1050 921 ecclesiae
1072 879 1338 922 reducendis
1356 880 1613 934 profecisse.
1636 881 1683 921 In

56 957 138 998 hac
162 955 341 1009 quidem
366 954 481 996 alma
504 955 642 1005 Vrbe,
669 955 765 997 Nos
788 954 1012 1010 praecipui
1036 955 1214 1010 collegii
1238 956 1358 1010 quod
1380 955 1451 997 hic
1473 964 1557 1007 est,
1581 970 1684 1011 ope-

55 1047 102 1074 ra
128 1032 311 1082 utimur,
331 1046 465 1086 quam
489 1038 533 1075 et
558 1031 734 1073 fidelem
753 1039 797 1075 et
825 1031 977 1073 utilem
996 1032 1235 1073 admodum
1259 1031 1528 1086 experimur,
1555 1046 1686 1087 quas-

55 1122 249 1162 cumque
284 1107 329 1148 in
364 1115 511 1162 partes
541 1107 661 1149 orbis
691 1114 908 1149 terrarum
938 1106 1106 1158 euenit,
1134 1117 1181 1149 ut
1213 1108 1310 1151 eius
1349 1108 1527 1163 collegii
1560 1122 1686 1163 prae-

55 1185 276 1239 sbyteros,
313 1183 453 1226 diuini
483 1183 686 1238 obsequii
709 1197 846 1226 causa
881 1183 1126 1238 mittamus,
1153 1191 1286 1238 atque
1318 1184 1451 1226 etiam
1486 1185 1686 1228 eiusdem

56 1260 233 1315 collegii
259 1261 362 1302 fidei
392 1259 707 1315 regiminique,
739 1261 794 1302 de
825 1260 1011 1302 fratrum
1041 1267 1294 1303 nostrorum
1327 1261 1514 1303 consilio
1544 1276 1687 1316 nuper

56 1337 360 1379 commisimus
384 1336 670 1379 seminarium
695 1337 814 1390 quod
838 1351 892 1380 ex
915 1337 1030 1378 sacri
1055 1337 1231 1378 concilii
1248 1338 1432 1380 decreto
1451 1337 1685 1381 instituen-

57 1415 162 1456 dum
192 1413 467 1457 eurauimus.
497 1414 624 1455 Haec
647 1428 702 1456 eo
728 1413 949 1455 maiestati
973 1421 1075 1456 tuae
1099 1413 1348 1464 referimus,
1378 1421 1424 1455 ut
1457 1414 1554 1468 ipsa
1578 1429 1685 1468 quo-

56 1505 144 1544 que
168 1505 247 1545 pro
269 1504 352 1532 suo
374 1490 417 1531 in
438 1489 703 1532 catholicam
725 1489 987 1543 religionem
1006 1489 1192 1544 piosque
1216 1489 1337 1531 uiros
1359 1490 1523 1541 studio,
1551 1492 1685 1534 colle-

56 1567 131 1621 gia
153 1567 355 1610 eiusdem
380 1566 618 1610 Societatis
641 1566 684 1607 in
710 1580 851 1620 regno
880 1580 962 1608 suo
984 1565 1067 1608 sibi
1098 1566 1337 1621 diligenter
1367 1568 1535 1609 tuenda
1558 1576 1601 1609 et
1626 1570 1687 1609 fo-

59 1644 205 1687 uenda
228 1658 326 1686 esse
349 1642 586 1697 intelligat;
614 1643 692 1685 sed
715 1656 817 1684 cum
842 1642 1011 1696 reliqua
1034 1642 1186 1697 pietati
1211 1651 1313 1684 tuae
1342 1643 1544 1686 studiose
1570 1658 1686 1685 com-

60 1721 339 1774 mendamus,
368 1729 462 1761 tum
488 1718 727 1773 praecipue
751 1718 896 1773 ipsum
921 1718 1164 1772 parisiense
1195 1719 1451 1774 collegium3
1488 1734 1583 1761 eam
1617 1734 1689 1762 ue·
1734 1725 1737 1728 “

58 1798 291 1840 hementer
309 1797 540 1837 hortantes
558 1803 606 1837 ut
631 1794 864 1849 prouideat
882 1802 1115 1848 curetque,
1144 1803 1191 1836 ut
1215 1795 1256 1836 id
1281 1797 1337 1838 ab
1361 1797 1687 1838 haereticorum

59 1875 413 1916 obtrectatorum
454 1871 644 1925 iniuriis,
689 1870 1095 1924 uexationibusque
1128 1871 1368 1926 diligenter
1400 1873 1687 1916 defendatur.

62 1951 164 2004 Qua
192 1949 237 1990 in
267 1963 314 1990 re
346 1956 389 1991 et
415 1948 497 1990 Dei
531 1948 690 1989 honori
713 1956 757 1989 et
784 1961 891 1989 suae
922 1956 966 1990 et
993 1947 1144 2003 regiae
1166 1948 1284 1990 illius
1314 1949 1510 1991 ciuitatis
1540 1950 1687 1992 existi-

62 2026 242 2069 mationi
266 2026 486 2079 consulet,
514 2024 859 2080 experieturque
881 2025 926 2066 in
951 2024 1047 2067 dies
1072 2025 1229 2080 magis,
1254 2025 1370 2067 sicut
1400 2027 1691 2079 confidimus,

65 2111 339 2158 quantopere
362 2101 607 2157 expedierit
631 2101 674 2142 id
697 2101 741 2142 in
764 2115 816 2143 ea
839 2101 1021 2143 ciuitate
1045 2101 1287 2156 collegium
1307 2103 1495 2145 institui.
1525 2104 1690 2145 Datum

65 2181 245 2230 Romae,
285 2179 405 2234 apud
442 2179 488 2221 S.
535 2179 735 2229 Petrum,
776 2178 860 2218 sub
894 2178 1060 2218 annulo
1100 2178 1355 2233 piscatoris,
1393 2178 1464 2220 die
1497 2190 1552 2234 29
1587 2178 1692 2221 Maii

67 2256 338 2300 M.D.LXV.
379 2254 665 2309 pontificatus
698 2253 836 2295 nostri
871 2268 990 2295 anno
1025 2253 1108 2297 6.⁰.
1146 2255 1374 2296 Antonius
1408 2255 1691 2306 Florebellus,

67 2333 325 2375 [mellinus.
338 2350 354 2369 ›>

160 2421 224 2464 19.
291 2409 322 2449 ll
352 2408 489 2449 breue
521 2408 605 2448 che
634 2405 670 2447 si
701 2405 862 2448 scrisse
897 2407 938 2448 al
975 2407 1249 2460 parlamento
1282 2408 1374 2449 fece
1403 2422 1504 2448 esso
1528 2421 1696 2449 ancora

68 2485 204 2526 molto
228 2486 378 2526 buono
401 2484 571 2537 effetto‚
596 2490 638 2524 et
657 2482 725 2524 col
750 2484 875 2523 fauor
899 2484 981 2524 che
997 2483 1064 2524 'ha
1086 2482 1204 2536 dipoi
1238 2483 1343 2524 dato
1367 2484 1394 2523 il
1426 2498 1471 2525 re
1500 2492 1544 2526 et
1568 2485 1608 2524 la
1629 2498 1692 2525 re-

69 2561 187 2615 gina,
215 2561 379 2603 uiuono
403 2561 443 2601 al
468 2567 676 2615 presente
699 2559 741 2599 in
766 2573 878 2613 gran
902 2573 1011 2613 pace
1035 2559 1079 2600 in
1106 2559 1272 2615 Parigi.

157 2649 226 2679 20.
294 2625 330 2678 ‘E
362 2644 479 2678 stato
517 2636 725 2677 mandato
761 2635 804 2676 di
846 2636 988 2676 Roma
1017 2635 1061 2676 di
1091 2650 1246 2677 nuouo
1276 2636 1303 2677 il
1342 2638 1393 2678 Ρ.
1426 2639 1505 2680 Dr.
1542 2637 1696 2678 Rodri-

71 2728 186 2768 guez
210 2712 261 2764 ²⁰,
289 2714 344 2754 ad
367 2712 585 2754 instancia
608 2711 649 2752 di
676 2711 822 2766 questi
848 2711 961 2753 Rmi.
989 2711 1158 2765 signori
1187 2712 1302 2754 della
1328 2713 1634 2768 inquisitione,
1672 2729 1697 2755 a

66 2797 190 2832 certe
213 2789 324 2844 parti
347 2789 391 2830 di
414 2788 620 2831 Calabria
643 2788 759 2829 doue
788 2787 824 2829 si
860 2786 1007 2842 scopri
1031 2788 1094 2842 gli
1119 2788 1222 2829 anni
1248 2790 1413 2843 passati
1442 2804 1554 2843 gran
1585 2791 1698 2833 male

69 2865 115 2906 >di
139 2866 329 2910 heresia.
356 2863 614 2908 Chiamansi
638 2863 739 2917 quei
766 2864 920 2918 luoghi
951 2864 999 2906 S.
1027 2864 1148 2907 Sisto
1171 2872 1215 2906 et
1246 2866 1307 2908 La
1330 2866 1546 2918 Gumdia,
1574 2874 1617 2910 et
1641 2867 1697 2909 al-

129 3030 157 3049 20
209 3029 306 3065 Vide
322 3030 436 3074 epist.
457 3039 514 3072 90,
533 3040 568 3062 n.
590 3027 624 3069 83
646 3032 684 3061 et
708 3026 785 3072 103,
806 3039 843 3063 n.
869 3035 920 3070 17.

167 3087 320 3122 POLANCI
341 3099 596 3121 ‹JOMPLEMENTA
1454 3098 1488 3124 35
