1971 3276
553 236 692 270 EPIST.
724 242 874 278 125.—5
902 241 1087 269 AUGUSTI
1118 233 1208 276 1566
1603 235 1670 271 597

305 446 635 482 STANISLAUS
664 446 858 483 HOSIUS
886 446 1208 481 CARDINALIS
1234 444 1489 483 POLANCO

545 537 814 564 HEILSBERGA
844 538 864 572 5
892 538 1077 564 AUGUSTt
1107 531 1195 573 1566
1224 530 1248 564 ¹.

77 621 111 648 Ι.
136 613 249 656 Quae
266 613 313 646 de
332 623 485 645 summo
500 611 688 657 pontifice
708 612 907 646 Polancus
925 612 1083 656 scripsit
1097 613 1179 657 piis
1194 612 1375 646 omnibus
1386 615 1510 657 grata
1523 611 1711 656 fuerunt.

146 672 302 706 Abusus
321 672 512 716 quosdam
532 671 718 715 antiquos
736 671 873 705 curiae
892 682 1084 705 romanae
1103 674 1490 706 commemorat.-2.
1512 671 1558 706 P.
1581 671 1714 705 Asten-

144 732 197 765 sis
217 733 348 765 rector
365 729 525 775 collegii
544 730 1007 775 braunsbergensis.—-3.
1025 730 1082 764 De
1098 730 1418 775 praeceptoribus
1436 730 1596 775 scripsit
1617 730 1717 764 Sun-

144 790 295 826 nerz'uS.
320 789 393 823 Res
410 789 588 833 publicae
603 789 865 834 perturbatae
884 790 926 823 in
946 800 1071 834 regno
1086 789 1286 835 polonico;
1303 792 1370 823 etc.

169 885 206 916 1.
272 872 382 915 Rde.
414 874 563 922 Pater,
590 871 633 913 in
658 872 840 914 Christo
857 871 1115 914 charissime
1134 880 1176 914 et
1202 873 1480 915 honorande.
1507 873 1637 926 Quae
1655 873 1714 915 de

77 949 284 1005 pontifice
308 947 465 990 scribit
494 950 542 990 P.
572 949 647 999 V.,
674 963 763 990 non
789 956 976 1003 possunt
1001 949 1082 1003 piis
1106 948 1314 989 omnibus
1339 963 1427 990 non
1453 963 1552 991 esse
1580 949 1716 991 ualde·

75 1033 218 1081 grata.
245 1026 363 1069 Sunt
386 1025 504 1068 enim
529 1024 679 1066 omnia
702 1039 876 1066 summa
900 1025 1032 1067 laude
1054 1024 1209 1079 digna.
1237 1026 1374 1078 Quod
1402 1039 1507 1067 uero
1542 1033 1712 1079 postre-

75 1117 148 1144 mo
170 1103 268 1144 loco
291 1101 456 1156 posuit,
483 1109 652 1155 quanto
676 1100 853 1142 rarioris
877 1108 944 1143 est
976 1101 1183 1155 exempli,
1220 1109 1344 1142 tanto
1373 1101 1516 1160 magis
1550 1100 1718 1154 praedi-

76 1179 285 1222 candum.
314 1177 497 1220 Memini
521 1177 731 1231 temporis
754 1177 888 1230 illius,
909 1177 1089 1231 quando
1108 1190 1192 1219 nec
1217 1177 1414 1232 episcopi
1443 1179 1609 1219 Romae
1629 1186 1717 1220 tae—

76 1256 155 1297 das
178 1256 389 1297 ardentes
413 1254 505 1296 suis
528 1253 736 1295 manibus
761 1261 939 1309 gestare
963 1254 1135 1308 dignati
1155 1261 1277 1304 sunt,
1301 1268 1401 1296 cum
1428 1261 1711 1295 sacrosancta

76 1331 356 1373 Eucharistia
382 1338 649 1385 portaretur,
675 1331 753 1372 sed
777 1331 833 1372 ad
862 1345 968 1372 suos
1002 1331 1194 1372 famulos
1227 1345 1391 1371 munus
1423 1332 1507 1372 hoc
1533 1330 1711 1385 delega-

76 1409 200 1459 bant,
229 1408 305 1462 qui
329 1407 433 1449 mihi
458 1407 679 1449 maximus
712 1409 882 1449 abusus
913 1407 1037 1449 uisus
1067 1414 1149 1450 est.
1179 1408 1303 1449 Bona
1335 1422 1414 1461 spe
1448 1421 1563 1460 sum,
1598 1407 1717 1460 quod

78 1484 162 1527 sub
186 1486 270 1526 hoc
294 1492 381 1526 tam
406 1492 565 1526 sancto
589 1484 799 1539 pontifice
828 1484 913 1526 iam
944 1485 1000 1525 sit
1028 1491 1273 1527 correctus.
1310 1485 1408 1525 Non
1444 1492 1588 1538 potest
1629 1484 1716 1525 ulla

76 1574 177 1605 esse
201 1568 321 1603 tanta
346 1560 588 1613 humilitas,
613 1561 719 1615 quin
745 1561 896 1603 multis
920 1560 1121 1615 partibus
1146 1561 1285 1602 maior
1314 1560 1447 1604 etiam
1479 1560 1516 1601 ei
1550 1561 1711 1602 debea-

80 1645 168 1689 tur,
202 1637 331 1679 cuius
360 1651 523 1692 corpus
553 1637 626 1679 illo
657 1644 860 1692 tempore
892 1644 1112 1692 gestatur.
1148 1639 1271 1680 Deus
1302 1636 1557 1691 pontificem
1593 1637 1711 1677 hunc

83 1721 173 1756 tam
213 1722 417 1757 sanctum
457 1714 532 1755 diu
573 1714 703 1756 nobis
743 1722 984 1757 conseruet
1024 1722 1157 1769 atque
1195 1713 1411 1767 uiuificet‚
1447 1722 1493 1755 ut
1528 1714 1582 1754 ad
1620 1712 1734 1755 eius·

77 1792 330 1846 exemplum
357 1798 681 1832 conuertantur
713 1791 846 1834 etiam
876 1790 963 1841 alii,
997 1792 1071 1845 qui
1103 1790 1457 1832 suntminorum
1489 1789 1710 1832 ordinum.

169 1879 211 1911 2.
278 1869 518 1910 Doctorem
543 1868 783 1910 Astensem
809 1866 822 1886 ²
848 1867 932 1910 iam
957 1868 1012 1910 ad
1036 1882 1117 1909 nos
1141 1867 1320 1909 uenisse
1345 1865 1561 1922 proximis
1585 1880 1716 1920 supe-

78 1945 268 1987 rioribus
292 1945 400 1986 meis
422 1944 696 2000 significaui.
725 1946 802 1986 Est
831 1944 868 1986 is
899 1952 1046 1987 rector
1069 1943 1247 1999 collegii
1280 1944 1565 1996 designatus.
1593 1943 1714 1984 Con-

77 2021 267 2072 cionem,
296 2021 414 2075 quod
438 2021 618 2075 quidem
642 2035 730 2076 ego
754 2021 910 2075 sciam,
945 2021 1000 2062 ad
1022 2021 1242 2076 populum
1269 2021 1435 2061 nullam
1459 2019 1607 2060 adhuc
1631 2020 1711 2061 ha-

78 2097 189 2148 buit,
211 2098 288 2140 sed
307 2098 564 2139 habiturum
583 2112 646 2148 se,
672 2112 773 2139 cum
793 2112 881 2152 ego
905 2112 1087 2148 uenero,
1112 2097 1326 2152 promisit.
1351 2096 1539 2139 Veniam
1560 2103 1709 2137 autem

78 2174 281 2216 fortassis
304 2188 392 2216 non
414 2181 512 2228 post
536 2174 596 2216 ita
622 2175 787 2216 multos
810 2174 921 2217 dies.

168 2263 208 2303 3.
275 2251 342 2293 De
368 2250 731 2305 praeceptoribus
749 2264 873 2302 uero,
895 2250 970 2304 qui
989 2258 1033 2293 et
1057 2251 1211 2304 quales
1234 2247 1476 2291 necessarii
1496 2247 1599 2299 sint,
1620 2260 1709 2288 non

78 2326 235 2368 dubito
264 2326 371 2380 quin
401 2341 455 2369 ex
489 2328 538 2368 Ρ.
574 2325 802 2368 Francisci
833 2326 846 2344 ³
877 2326 1035 2368 litteris
1063 2327 1302 2381 cognitura
1336 2325 1408 2367 sit.
1442 2324 1555 2366 Rdo.
1589 2321 1708 2364 Patri

79 2402 294 2457 generali,
319 2402 449 2444 simul
468 2411 512 2445 et
534 2410 715 2445 sanctae
734 2403 973 2445 Societatis
998 2403 1124 2444 istius
1142 2410 1317 2445 vestrae
1348 2400 1554 2456 precibus
1578 2408 1622 2440 et
1645 2412 1713 2439 sa-

79 2478 258 2520 crificiis
289 2492 358 2519 me
396 2478 636 2534 diligenter
673 2480 954 2521 commendo.
991 2479 1246 2522 Scriberem
1276 2477 1441 2531 aliquid
1475 2476 1596 2529 hincs
1634 2474 1714 2516 sed

79 2555 184 2596 boni
208 2555 328 2609 quod
349 2553 585 2611 [scribatur
608 2554 735 2611 nihil]
760 2562 843 2596 est.
872 2556 1074 2596 Fuerunt
1099 2555 1142 2596 in
1167 2553 1329 2596 vicinia
1360 2552 1511 2606 magni
1537 2559 1708 2593 motus.

80 2631 296 2674 Nonnihil
324 2631 384 2672 illi
425 2631 605 2685 quidem
645 2631 1020 2685 conquieuerunt,
1056 2631 1248 2672 necdum
1292 2639 1439 2672 tamen
1479 2629 1539 2670 ita
1571 2625 1713 2670 sedati

80 2714 201 2757 sunt,
236 2714 285 2748 ut
313 2721 470 2749 secure
494 2707 622 2749 nobis
655 2707 700 2748 in
730 2714 983 2763 utramque,
1017 2707 1135 2761 quod
1166 2706 1305 2759 aiunt,
1337 2719 1488 2748 aurem
1519 2702 1713 2745 dormire

79 2782 225 2826 liceat.
253 2784 301 2824 In
325 2797 467 2838 regno
491 2783 632 2825 nihilo
655 2784 836 2826 meliore
858 2791 978 2826 statu
1002 2791 1106 2825 sunt
1126 2798 1211 2837 res,
1239 2782 1399 2837 religio
1424 2780 1705 2836 praesertim.

151 2905 162 2925 ¹
214 2905 271 2939 Ex
289 2907 500 2951 archetypo
519 2906 557 2940 in
576 2905 709 2940 codice
731 2907 856 2950 Epist.
877 2907 1052 2948 cardin„
1077 2915 1089 2940 1
1113 2906 1193 2949 fol„
1217 2917 1253 2940 n.
1278 2905 1355 2949 148,
1379 2905 1483 2950 prius
1504 2901 1582 2937 231.

154 2964 167 2983 ²
219 2964 404 3002 Praeced.
425 2965 555 3010 epist„
572 2971 704 3001 annot.
725 2975 763 3008 4.

151 3021 165 3041 ³
216 3021 330 3068 Ibid.‚
351 3029 482 3058 annot.
502 3024 538 3058 6.
