1971 3276
277 238 344 273 544
787 221 975 255 pomum
1003 225 1318 253 COMPLEMENTA

231 329 353 385 gnia3
380 337 425 370 et
450 326 547 369 sara
578 327 619 367 13
651 321 913 364 fundatione
943 334 969 361 o
999 317 1248 371 dotatione,
1281 317 1394 359 delle
1423 315 1626 371 megliori
1657 329 1683 357 o
1712 315 1754 356 la
1778 330 1868 357 me-

233 407 375 462 gliore
393 407 477 446 che
496 403 560 445 sia
583 401 626 443 in
646 401 759 442 altro
778 396 969 451 collegio
986 395 1031 436 di
1050 394 1332 445 Lombardia‚
1355 400 1530 435 eccetto
1549 393 1697 446 quello
1720 391 1764 433 di
1786 393 1866 433 Pa·

232 486 367 535 doua;
394 490 437 523 et
462 481 484 523 6
509 480 564 521 (16
587 479 854 532 inportanza
873 473 975 527 quel
1005 472 1090 514 sito
1115 486 1191 526 per
1215 471 1338 512 molti
1363 468 1538 524 rispetti
1555 468 1752 511 all⁷aiuto
1775 467 1869 509 del-

235 562 275 603 la
296 559 486 613 religion
513 554 735 598 catholica
760 551 810 594 ¹⁹.

331 647 395 688 17.
464 632 744 688 Quest'anno
766 627 1011 671 medesimo
1034 626 1069 668 si
1094 625 1116 667 e
1140 625 1352 666 mandato
1377 631 1514 678 gente
1538 623 1578 664 al
1602 621 1794 677 collegio
1818 621 1874 662 de

239 713 499 767 Auignone,
526 716 569 752 et
593 705 842 750 acresciuto
866 704 895 745 il
919 716 1107 745 numero
1125 709 1170 743 et
1193 700 1359 755 qualita
1379 700 1494 743 delle
1513 698 1701 753 lettioni,
1724 712 1874 741 essen-

240 790 336 832 dosi
370 785 684 829 incominciata
720 784 759 824 la
793 781 957 837 logica.
996 779 1174 821 Ancora
1208 778 1236 819 il
1270 777 1462 832 collegio
1494 776 1537 818 di
1567 777 1753 818 Turnon
1784 774 1821 816 si
1854 774 1876 817 ὲ

241 867 367 923 quasi
392 866 542 907 rifatto
566 875 694 904 corne
725 859 769 901 di
798 872 953 900 nuouo
980 871 1065 899 con
1099 857 1140 898 la
1173 864 1309 910 gente
1341 856 1425 897 che
1455 855 1496 895 ui
1530 853 1563 895 si
1594 853 1618 895 6
1648 853 1875 902 mandata,

240 941 472 988 essendosi
500 956 576 995 per
602 940 642 980 la
669 945 794 993 peste
812 934 1001 990 dispersi
1024 941 1068 976 et
1092 931 1291 974 mandati
1308 931 1352 973 in
1371 932 1482 973 altre
1501 930 1613 986 parti
1638 929 1773 984 quelli
1792 930 1879 971 che

246 1021 384 1078 prima
411 1019 454 1060 ui
477 1025 685 1060 stauano.

343 1098 408 1141 18.
476 1096 532 1137 Al
557 1092 749 1147 collegio
772 1091 813 1132 di
843 1089 991 1143 Parigi
1018 1103 1105 1129 non
1136 1088 1382 1129 solamente
1405 1086 1440 1127 si
1470 1085 1493 1128 ὲ
1517 1084 1728 1126 mandato
1757 1083 1881 1126 aiuto

244 1177 288 1218 di
322 1174 469 1218 lettori
502 1170 624 1228 (co[i]
658 1169 791 1223 quali,
820 1175 864 1209 et
896 1181 980 1208 con
1016 1165 1078 1219 gli
1103 1164 1201 1206 altri
1232 1165 1316 1204 che
1346 1162 1420 1218 gia
1451 1162 1494 1203 ui
1529 1175 1682 1212 erano,
1711 1175 1818 1215 pare
1839 1159 1882 1201 ui

250 1253 313 1295 sia
343 1249 514 1292 hormai
545 1263 636 1290 uno
666 1245 815 1288 studio
844 1243 1034 1299 perfetto
1064 1242 1108 1283 di
1138 1242 1309 1295 lingue,
1341 1239 1422 1281 arti
1453 1246 1497 1281 et
1528 1237 1787 1292 theologia),
1815 1251 1884 1278 ma

249 1330 383 1372 etiam
419 1329 542 1368 fauor
571 1325 642 1366 del
672 1336 801 1378 papa,
836 1321 865 1361 il
894 1320 1025 1375 quale
1048 1318 1210 1360 scrisse
1238 1318 1375 1358 molto
1405 1317 1684 1358 caldamente
1708 1315 1748 1356 al
1773 1329 1820 1356 re
1843 1321 1886 1354 et

252 1407 336 1449 alla
362 1404 519 1458 regina
542 1416 622 1443 sua
647 1399 815 1452 madre,
842 1405 887 1439 et
910 1397 950 1439 31
973 1395 1171 1438 cardinal
1197 1395 1241 1436 di
1266 1394 1449 1436 Borbon
1473 1399 1516 1433 et
1545 1393 1585 1434 al
1612 1392 1888 1446 parlamento

252 1485 294 1526 di
325 1481 492 1536 Parigi,
520 1480 562 1521 in
589 1474 1055 1520 raccommandatione
1078 1473 1191 1514 della
1216 1479 1368 1513 nostra
1391 1469 1691 1524 Compagnia,
1718 1475 1761 1510 et
1786 1481 1888 1521 sog-

254 1560 478 1615 giongero
503 1557 577 1611 qui
611 1557 650 1596 la
678 1553 823 1608 copia,
849 1553 889 1593 al
921 1565 1053 1593 meno
1076 1550 1146 1591 del
1177 1550 1316 1590 breue
1339 1548 1410 1590 del
1442 1561 1502 1599 re,
1528 1560 1603 1601 per
1629 1547 1670 1587 lo
1690 1536 1831 1600 'quale
1854 1543 1887 1586 si

259 1636 382 1692 potrsi
413 1636 474 1676 far
499 1631 700 1689 giudicio
724 1631 779 1672 de
803 1628 865 1684 gli
889 1627 1007 1678 altri,
1034 1635 1077 1669 et
1101 1626 1123 1668 ὲ
1147 1626 1174 1666 11
1198 1632 1436 1680 seguente:

351 1711 660 1774 «Charissimo
693 1709 737 1749 in
772 1706 955 1750 Christo
989 1704 1080 1746 filio
1112 1711 1265 1744 nostro
1294 1701 1474 1752 Carolo,
1509 1701 1764 1742 francorum
1798 1697 1893 1753 regi

259 1789 565 1847 xpianissimo.
594 1784 867 1829 Cliarissime
891 1783 935 1823 in
957 1784 1075 1836 Xpo.
1103 1779 1163 1821 fili
1188 1786 1356 1829 noster,
1377 1778 1583 1828 salutem,
1610 1784 1696 1819 etc.
1725 1775 1798 1818 Ad
1816 1789 1893 1816 au-

262 1883 331 1911 res
356 1874 532 1908 nostras
557 1862 761 1919 peruenit
785 1859 1025 1914 collegium
1051 1856 1297 1913 parisiense
1324 1854 1564 1898 Societatis
1586 1855 1695 1910 Jesu
1721 1850 1896 1907 magnis

260 1944 375 1988 affici
407 1941 608 1996 coepisse
642 1938 873 1989 molestiis,
905 1944 948 1978 et
980 1934 1115 1978 uariis
1147 1932 1461 1976 uexationibus
1490 1930 1693 1985 impediri
1727 1928 1897 1984 quomi-

265 2037 363 2072 nus,
385 2021 501 2062 sicut
519 2024 743 2072 coeperat,
766 2013 985 2056 inseruire
1004 2011 1134 2053 saluti
1154 2010 1420 2059 animarum,
1442 2015 1486 2049 et
1507 2022 1668 2050 uacare
1685 1995 1896 2048 iuuentu—

264 2100 294 2140 ti
316 2097 520 2140 doctrina
555 2092 777 2136 catholica
811 2098 855 2133 et
880 2090 1045 2144 pietate
1071 2102 1122 2129 ac
1148 2086 1275 2127 bonis
1301 2085 1439 2128 literis
1462 2092 1596 2138 atque
1626 2082 1798 2124 artibus
1821 2081 1896 2122 im-

266 2175 473 2218 buendae
504 2181 640 2226 atque
672 2167 985 2225 er[u]diendae
1017 2165 1170 2220 possit.
1206 2164 1251 2204 Id
1281 2162 1443 2204 accidit
1473 2160 1682 2202 nimirum
1715 2158 1898 2200 humani

266 2251 446 2308 generis
480 2248 622 2291 hostis
657 2246 892 2293 instinctu,
929 2242 1004 2297 qui
1038 2240 1275 2283 consueuit
1314 2238 1399 2280 illis
1432 2236 1677 2287 aduersari,
1713 2249 1902 2288 seseque

265 2342 508 2384 opponere,
538 2339 651 2379 quos
675 2321 806 2364 bonis
829 2320 1040 2375 operibus
1065 2318 1187 2360 uidet
1212 2331 1310 2358 esse
1333 2316 1545 2365 intentos,
1572 2322 1614 2354 et
1639 2312 1722 2355 Dei
1746 2325 1904 2354 seruos

268 2420 357 2460 quo
383 2404 558 2446 fidelius
582 2401 729 2443 officio
754 2412 835 2440 suo
863 2399 1120 2451 funguntur
1144 2409 1197 2436 eo
1221 2393 1368 2435 acrius
1391 2391 1620 2442 insectari3
1647 2390 1725 2431 sed
1748 2388 1791 2430 id
1815 2402 1902 2429 non

270 2485 457 2524 laturam
482 2479 759 2521 maiestatem
787 2485 908 2516 tuam
933 2487 1032 2516 esse
1056 2471 1239 2524 scimus,
1268 2469 1343 2511 ubi
1373 2469 1534 2511 edocta
1569 2465 1699 2508 fuerit
1730 2466 1786 2508 (16
1809 2464 1907 2506 eius

273 2557 511 2603 Societatis
536 2554 718 2597 meritis.
747 2551 867 2594 Nihil
889 2550 1007 2593 enim
1033 2562 1176 2601 aeque
1200 2545 1621 2588 christianissimum
1652 2556 1804 2597 regem
1828 2540 1906 2582 de—

274 2644 359 2686 cet,
384 2648 436 2676 ac
460 2631 695 2687 religiosos
718 2628 838 2670 uiros
861 2634 905 2670 et
931 2625 1013 2669 Dei
1040 2623 1203 2665 honori
1222 2621 1519 2664 inseruientes
1541 2618 1670 2669 tueri,
1697 2626 1741 2660 et
1764 2618 1820 2658 ab
1845 2616 1905 2656 in-

274 2711 400 2751 iuriis
429 2708 686 2751 defendere.
722 2706 828 2747 Eam
862 2703 1001 2758 igitur
1032 2700 1305 2744 Societatem
1335 2697 1444 2739 sciat
1476 2696 1687 2739 maiestas
1712 2702 1787 2734 tua
1812 2706 1910 2747 pro-

281 2794 375 2841 pter
407 2787 476 2840 pia
506 2794 549 2827 et
580 2782 818 2826 laudabilia
848 2794 929 2822 sua
958 2778 1167 2820 instituta
1196 2783 1240 2817 et
1262 2776 1318 2816 ab
1348 2774 1593 2829 apostolica
1615 2772 1721 2814 sede
1750 2769 1909 2811 confir-

335 2910 362 2929 ¹⁹
413 2910 582 2943 Uberern
624 2905 883 2941 narrationem
920 2902 967 2936 de
1002 2900 1227 2936 fundatione
1263 2897 1418 2941 collegii
1457 2895 1690 2931 taurinensis
1734 2893 1912 2927 invenies

279 2967 380 3014 apud
406 2967 560 3009 MONTI,
587 2967 639 2999 La
670 2963 921 3009 Compagnia
948 2963 990 2995 di
1018 2959 1123 2994 Geszz
1143 2958 1206 2993 nel
1231 2957 1436 2991 territorio
1455 2955 1561 2990 della
1583 2954 1794 2999 provincia
1820 2952 1915 2985 tom·-

283 3039 381 3068 nese,
405 3037 490 3072 pag.
516 3024 579 3068 153
598 3036 680 3070 sqq.
