1971 3276
295 223 362 265 528
794 220 978 254 POLANCI
1005 227 1324 254 COMPLEMENTA

338 322 508 365 Invtilis
531 320 702 364 Christi
725 334 901 371 seruus,

416 401 571 443 SIMON
608 399 799 440 BELOST
833 395 865 447 ⁶,
903 409 1146 439 SACERoos
1181 397 1472 439 Soc1ETAT1s
1500 397 1621 452 JESU
1654 408 1877 439 MINIMUS.

338 476 600 530 Inscriptio.
636 475 748 517 Rdo.
775 473 819 515 in
839 473 1020 516 Christo
1046 472 1185 524 Patri,
1215 474 1264 515 P.
1287 472 1485 527 Johanni
1510 472 1565 514 de
1592 472 1809 526 Polanco,
1837 471 1880 513 in

249 555 382 596 domo
405 551 647 596 Societatis
664 553 791 607 Jesu.
821 552 1004 594 Romae.

339 630 496 685 Sigillzss
518 629 782 684 vestigium.

1028 760 1091 811 116

479 882 808 919 STANISLAUS
836 881 1029 919 HOSIUS
1056 881 1378 917 CARDINALIS
1405 879 1655 918 POLANCO

546 952 557 962 ι
692 991 950 1019 PETRICOVIA
978 983 1022 1017 28
1050 991 1279 1018 FEBRUARn
1309 984 1397 1026 1565
1426 984 1451 1019 ¹.

253 1096 286 1124 1.
310 1088 422 1122 Dolet
444 1089 609 1120 mortem
634 1085 870 1121 Lainii.—2.
898 1085 997 1128 Agit
1024 1084 1221 1118 nonnulla
1246 1087 1375 1129 parva
1395 1085 1657 1129 negotia—3.
1689 1084 1747 1118 De
1771 1084 1890 1118 comi—

845 1146 912 1179 tiis
930 1144 1288 1190 petricoviensibus.

348 1260 383 1291 Ι.
452 1248 561 1289 Rde.
600 1249 732 1290 Pater
766 1246 809 1287 in
840 1246 1040 1300 Christo,
1079 1245 1208 1287 nobis
1237 1245 1498 1287 charissime
1528 1252 1572 1288 et
1607 1246 1886 1297 honorande,

254 1325 443 1366 salutem
467 1331 511 1365 et
533 1322 683 1364 omnia
707 1321 897 1365 foelicia.
927 1322 1092 1376 Accepi
1115 1321 1267 1363 literas
1294 1322 1344 1365 Ρ.
1372 1322 1428 1364 V.
1456 1334 1510 1363 111
1542 1320 1773 1363 Februarii
1807 1321 1889 1364 da-

257 1408 338 1451 tas,
366 1400 530 1454 quibus
554 1399 686 1442 michi
718 1400 774 1442 de
796 1399 965 1453 aliquot
990 1398 1099 1441 meis
1127 1398 1211 1440 sibi
1237 1398 1436 1448 redditis,
1463 1399 1608 1453 deque
1638 1399 1771 1440 rebus
1794 1397 1890 1440 aliis

255 1477 408 1520 multis
433 1476 600 1531 prolixe
625 1475 795 1527 scribit,
822 1490 873 1518 ac
898 1475 1022 1517 reddi
1047 1475 1225 1530 quidem
1251 1475 1311 1516 illi
1337 1489 1456 1517 meas
1487 1475 1681 1530 gaudeo3
1715 1475 1794 1516 sed
1812 1489 1888 1516 no-

256 1568 362 1596 uum
385 1555 487 1605 hoc,
515 1554 570 1596 de
595 1552 694 1597 Rdi.
725 1552 870 1595 Patris
894 1552 1119 1607 generalis
1137 1552 1279 1603 obitu,
1301 1554 1386 1593 hoc
1406 1551 1538 1593 michi
1560 1552 1641 1594 fuit
1664 1550 1886 1601 acerbius,

256 1645 344 1685 quo
368 1631 513 1685 magis
530 1630 648 1672 illius
671 1644 796 1671 amor
818 1643 926 1684 erga
954 1643 1023 1671 me
1048 1629 1131 1670 fuit
1154 1629 1290 1671 michi
1314 1636 1594 1684 perspectus.
1623 1631 1769 1672 Deum
1791 1643 1890 1683 pre-

256 1722 333 1750 cor
358 1715 406 1749 ut
430 1706 604 1749 animae
627 1706 744 1748 illius
768 1706 985 1762 propitius
1008 1720 1107 1748 esse
1131 1706 1255 1757 uelit,
1284 1713 1422 1761 utque
1451 1707 1507 1749 de
1540 1706 1626 1748 alio
1656 1706 1888 1761 guberna-

259 1793 370 1839 tore,
399 1799 487 1824 non
513 1784 661 1825 minus
690 1783 869 1833 idoneo,
902 1782 1115 1826 Societati
1146 1790 1337 1839 vestrae,
1371 1791 1508 1837 atque
1538 1783 1650 1826 adeo
1674 1782 1892 1825 ecclesiae

257 1875 383 1911 suae,
412 1868 587 1901 mature
610 1859 850 1914 prospiciat
873 1866 905 1902 ³.

347 1949 388 1979 2.
455 1936 682 1991 Scriptum
707 1936 763 1978 de
786 1936 1101 1990 tygurinorum
1133 1935 1291 1977 iuditio
1324 1950 1349 1977 a
1379 1935 1603 1990 theologis
1627 1934 1788 1979 vestris
1828 1935 1893 1975 di·

259 2013 453 2069 ligenter
476 2011 737 2063 examinari,
771 2019 815 2053 et
845 2012 978 2053 michi
1009 2011 1275 2054 sententiam
1309 2012 1484 2053 illorum
1516 2011 1730 2067 perscribi
1754 2025 1888 2066 cupe—

258 2104 366 2133 rem.
398 2089 533 2144 Quod
557 2096 707 2131 autem
733 2088 927 2143 permitit
954 2089 1005 2131 P.
1029 2089 1103 2140 V.,
1137 2095 1199 2140 ut,
1225 2088 1442 2130 absolutis
1477 2088 1687 2140 comitiis,
1714 2101 1890 2131 mecum

258 2181 357 2209 esse
386 2166 524 2221 possit
557 2166 605 2209 Ρ.
641 2166 874 2207 Balthasar
908 2164 940 2220 ²,
973 2179 1060 2219 ago
1090 2164 1148 2206 illi
1185 2165 1369 2218 gratias.
1410 2165 1503 2206 Erit
1531 2165 1569 2207 is
1599 2165 1732 2206 michi
1758 2166 1893 2220 longe

258 2242 562 2293 charissimus,
589 2257 640 2284 ac
664 2256 794 2296 spero
817 2241 950 2283 etiam
978 2243 1068 2284 fore
1092 2242 1215 2283 illum
1243 2242 1396 2285 utilem
1430 2242 1622 2296 collegio
1652 2256 1795 2297 nuper
1825 2241 1888 2283 in-

260 2319 434 2372 stituto,
460 2320 579 2373 quod
603 2333 724 2360 nunc
748 2318 791 2360 in
815 2333 868 2361 eo
900 2327 1040 2360 totum
1072 2327 1156 2370 est,
1188 2326 1237 2360 ut
1270 2319 1446 2361 scholas
1469 2319 1638 2374 aperiat
1669 2319 1890 2374 quampri-

260 2410 396 2446 mum,
439 2410 586 2449 neque
627 2402 773 2437 tamen
808 2394 852 2436 id
892 2402 1013 2438 recte
1052 2395 1144 2438 fieri
1182 2410 1310 2450 posse
1335 2396 1514 2438 uidetur
1552 2404 1657 2439 ante
1691 2410 1888 2439 mensem

262 2471 483 2526 Aprilem.

353 2550 403 2592 P.
431 2548 682 2590 Arnoldum
707 2547 721 2567 ³
746 2550 833 2590 huc
858 2563 1032 2591 mecum
1058 2548 1239 2602 adduxi,
1267 2557 1315 2590 ut
1337 2548 1458 2599 inde,
1481 2564 1569 2602 quo
1593 2549 1800 2592 iuberent
1819 2564 1892 2604 pa-

331 2663 346 2679 a
400 2654 618 2698 prospieeat
638 2665 708 2688 ms.

331 2753 344 2769 ‘³
395 2754 453 2787 De
480 2755 549 2788 hoc
578 2754 690 2788 Patre
710 2753 797 2788 vide
826 2755 950 2798 Epist.
976 2755 1020 2789 P.
1049 2754 1197 2796 Nadal,
1219 2756 1267 2797 11,
1289 2755 1373 2801 583,
1393 2763 1432 2790 et
1460 2758 1818 2799 BRAUNSBERGER‚
1842 2756 1894 2799 ΙΙ,

263 2809 344 2854 739·

336 2882 344 2899 ¹
401 2883 454 2914 Ex
474 2882 651 2926 originali
671 2883 707 2917 in
727 2883 861 2918 codice
883 2884 1008 2928 Epist.
1026 2884 1198 2926 cardin.‚
1222 2893 1242 2918 2
1261 2884 1319 2928 ff„
1342 2898 1378 2923 n.
1403 2886 1480 2930 108,
1503 2887 1605 2931 prius
1625 2886 1712 2929 5³¹6.

335 2939 347 2957 2
398 2939 440 2974 P.
462 2941 661 2975 Balthasar
676 2941 929 2978 Hostovinus.
949 2941 1008 2976 Cf.
1032 2942 1156 2987 Epist.
1182 2943 1226 2979 Ρ.
1248 2943 1396 2985 Nadal,
1420 2944 1468 2987 11,
1487 2945 1654 2988 524-526‚
1676 2950 1750 2979 etc.

334 2996 346 3015 3
397 2996 456 3031 Cf.
484 2998 607 3042 Epist.
633 3000 676 3034 Ρ.
700 3000 847 3041 Nadal,
871 3000 920 3043 H,
941 3001 1023 3044 665.
