1971 3276
575 232 723 267 'EPJS'R
748 233 895 267 128.—-1
923 232 1121 277 JANUARH
1153 231 1240 274 1567
1622 229 1692 264 023

106 343 253 377 tamen
274 334 437 390 passim
459 333 528 375 uel
548 333 643 376 sine
667 333 845 376 delectu
869 340 973 374 sunt
997 331 1238 374 distributi.
1262 330 1583 385 Compluribus
1602 329 1736 371 etiam

103 411 349 467 agentibus
372 410 564 453 animam
590 417 789 452 extrema
813 408 1009 451 caritatis
1027 408 1172 450 officia
1197 408 1440 463 persoluta.
1468 408 1572 461 Quo
1597 407 1639 448 in
1661 421 1718 462 ge

106 502 213 530 nere
238 488 378 530 multa
402 487 547 530 forent
571 485 776 537 dicenda,
804 486 841 527 si
869 485 1246 528 descenderemus
1269 484 1325 526 ad
1349 484 1542 537 singula.
1571 483 1737 526 Omnia

104 566 202 608 Deo
226 565 283 608 D.
306 564 368 606 N.
396 564 650 604 referantur
672 569 873 617 accepta.

194 651 264 694 25.
333 641 379 682 In
405 638 691 694 grauioribus
714 637 932 682 ecclesiae
949 637 1305 692 difficultatibus,
1330 636 1605 691 precatione,
1627 636 1736 679 ieiu-

106 716 216 772 niis,
241 716 395 772 flagris
418 730 598 759 carnem
622 715 845 770 affligere,
878 714 922 756 id
946 714 1038 768 jam
1063 714 1194 755 ualde
1223 720 1490 756 consuetum
1515 713 1633 767 apud
1657 727 1738 754 nos

108 803 194 850 est,
224 793 363 837 ueluti
392 794 477 835 hoc
505 807 624 834 anno
656 792 794 834 turcis
823 791 867 832 in
901 790 1177 834 Pannoniam
1208 790 1579 844 irrumpentibus,
1612 790 1738 831 item-

107 884 196 926 que
215 871 349 926 paulo
371 878 475 912 ante
498 869 605 913 sede
629 883 813 911 romana
836 875 1041 910 vacante.
1068 869 1172 922 Qua
1195 867 1374 921 quidem
1394 866 1438 907 in
1464 880 1510 908 re
1535 880 1623 908 non
1644 866 1739 908 sine

110 947 404 990 admiratione
443 946 634 1001 quadam
669 960 694 987 a
732 944 897 986 nostris
934 944 1299 987 animaduersum
1340 950 1423 993 est,
1466 942 1738 997 quotidianis

107 1023 285 1067 ieiuniis
317 1037 369 1065 ac
405 1021 794 1064 uerberationibus
827 1029 949 1062 certa
982 1019 1178 1062 uicissim
1212 1019 1257 1060 in
1290 1019 1436 1073 capita
1469 1018 1734 1070 distributis,

108 1100 242 1142 finem
265 1098 484 1143 uertentis
508 1096 676 1153 periodi
700 1096 744 1138 in
767 1096 884 1139 diem
905 1097 1052 1151 ipsum
1077 1095 1309 1139 electionis
1332 1095 1494 1136 summi
1514 1094 1741 1149 pontificis

108 1176 333 1231 incidisse,
366 1182 411 1218 et
441 1174 621 1229 quidem
655 1174 752 1217 eius
785 1172 1010 1229 pontificis
1043 1186 1133 1228 quo
1166 1179 1258 1213 tum
1289 1170 1478 1213 ecclesia
1509 1171 1739 1221 uniuersa,

109 1261 203 1295 tum
235 1251 474 1308 praecipue
502 1251 706 1295 Societas
743 1258 912 1300 nostra,
948 1263 1037 1291 non
1064 1248 1246 1303 publico
1279 1248 1423 1290 solum
1459 1247 1640 1290 nomine
1664 1248 1741 1290 sed

108 1328 242 1373 etiam
266 1328 441 1384 priuato
463 1328 628 1371 laetata
645 1334 729 1383 est,
757 1326 922 1382 quippe
945 1325 1069 1367 illum
1099 1325 1141 1366 in
1173 1324 1371 1380 parentis
1398 1324 1496 1365 loco
1529 1326 1572 1366 in
1603 1323 1743 1365 mino-

109 1406 233 1448 ribus
273 1412 504 1456 uenerata,
536 1412 831 1460 posteaquam
869 1403 924 1445 ad
955 1404 1042 1444 hoc
1075 1401 1310 1457 dignitatis
1345 1401 1522 1444 culmen
1555 1408 1743 1444 euectus

108 1490 193 1533 est,
234 1482 382 1524 animo
421 1481 464 1523 in
506 1496 553 1524 se
591 1494 698 1524 uere
729 1487 915 1535 paterno
943 1479 1178 1534 cognouit,
1211 1492 1312 1521 cum
1342 1478 1398 1520 ad
1429 1492 1500 1519 res
1529 1476 1745 1519 ecclesiae

110 1558 326 1601 maximas
348 1559 404 1600 ab
427 1572 481 1601 eo
505 1563 789 1612 peramanter
818 1555 1035 1609 adhibita,
1069 1562 1163 1596 tum
1193 1554 1328 1596 etiam
1359 1554 1414 1596 ad
1445 1553 1642 1608 priuatas
1672 1566 1742 1594 co-
1781 1566 1796 1579 ·

109 1642 350 1690 gnatorum
372 1634 513 1690 ipsius
536 1641 672 1688 atque
702 1632 911 1684 familiae3
938 1646 1028 1686 quo
1052 1638 1146 1673 toto
1171 1631 1226 1673 de
1250 1644 1418 1686 genere
1448 1630 1567 1685 quod
1603 1629 1745 1671 fusius

108 1719 239 1755 antea
259 1710 510 1766 perscripsi,
537 1709 650 1752 nihil
679 1709 838 1752 addam
868 1708 938 1750 his
966 1707 1122 1759 literis,
1155 1707 1240 1749 nisi
1269 1707 1393 1749 illum
1425 1706 1634 1748 omnibus
1667 1719 1743 1752 no—

110 1788 189 1830 stri
207 1787 402 1831 instituti
421 1786 590 1842 regulis
609 1785 882 1841 approbatis,
905 1792 949 1828 et
968 1783 1217 1847 priuilegiis
1235 1783 1392 1839 partim
1420 1782 1648 1826 ueteribus
1668 1796 1742 1824 su-

112 1864 335 1920 periorum
360 1862 623 1919 pontificum
653 1861 943 1914 confirmatis,
969 1860 1128 1915 partim
1158 1860 1289 1902 nouis
1318 1859 1471 1914 magni
1495 1860 1550 1900 ad
1573 1858 1746 1900 indicas

110 1955 181 1984 res
205 1939 419 1983 momenti
442 1938 683 1992 concessis,
707 1938 904 1993 diploma
923 1945 1150 1992 praeterea
1169 1936 1479 1991 promulgasse
1497 1949 1598 1977 cum
1618 1949 1741 1977 seue-

111 2031 159 2059 ro
182 2018 483 2071 anathemate,
510 2015 607 2071 ipso
632 2016 767 2066 facto,
793 2014 837 2055 in
860 2028 938 2056 eos
961 2014 1037 2067 qui
1062 2020 1163 2068 post
1189 2021 1292 2055 uota
1316 2019 1526 2066 suscepta
1545 2026 1570 2053 a
1593 2011 1742 2054 Socie-

112 2101 202 2137 tate
234 2092 522 2136 desciuerint.
561 2090 791 2146 Quicquid
825 2090 958 2132 etiam
992 2097 1125 2132 antea
1155 2089 1285 2131 nobis
1315 2088 1519 2144 ipsemet,
1545 2102 1646 2129 cum
1672 2088 1743 2128 In·-

112 2169 341 2226 quisitioni
380 2176 623 2224 praeesset,
665 2182 744 2223 pro
783 2167 981 2210 muneris
1018 2166 1087 2208 sui
1123 2166 1334 2208 facultate
1373 2172 1673 2215 concesserat,
1700 2163 1742 2203 id

111 2254 258 2289 autem
284 2253 380 2288 erat
405 2244 689 2299 permultum,
714 2243 1050 2304 ratumpariter
1078 2257 1178 2285 esse
1212 2241 1368 2284 uoluit.
1406 2240 1484 2283 Rei
1516 2239 1745 2281 familiaris

113 2321 347 2378 angustias
369 2322 528 2363 domus
558 2328 737 2362 nostrae
760 2327 803 2363 et
832 2319 1030 2379 collegii,
1057 2326 1101 2362 et
1129 2317 1353 2360 ordinaria
1371 2325 1414 2358 et
1438 2315 1743 2359 extraordina-

116 2399 180 2441 ria
203 2397 487 2452 benignitate
510 2403 646 2451 atque
668 2395 952 2439 eleemosinis
974 2396 1112 2445 leuat,
1139 2402 1183 2438 et
1207 2394 1243 2435 si
1272 2407 1371 2436 sese
1401 2392 1578 2435 occasio
1607 2392 1741 2433 obtu-

114 2474 227 2527 lerit,
259 2474 403 2516 multo
436 2472 605 2515 maiora
629 2486 877 2528 speramus3
904 2470 1268 2526 quandoquidem
1293 2469 1482 2511 illustria
1507 2482 1613 2511 suae
1637 2482 1742 2521 erga

116 2565 196 2593 nos
220 2550 463 2593 uoluntatis
481 2550 603 2592 dedit
621 2549 801 2600 indicia,
824 2548 989 2590 nostris
1012 2548 1067 2589 ad
1090 2560 1138 2588 se
1164 2546 1451 2590 uenientibus
1475 2545 1644 2586 aditum
1669 2559 1743 2599 pa-

115 2635 207 2670 tere
238 2627 413 2669 facilem
445 2626 590 2676 iussit;
622 2626 804 2668 eosdem
834 2623 1054 2666 admissos
1082 2622 1224 2665 amice
1263 2629 1307 2665 et
1338 2621 1525 2663 comiter
1556 2620 1739 2675 excipit;

95 2708 97 2710 '
117 2703 189 2744 cui
214 2703 276 2746 rei
302 2702 560 2746 testimonio
584 2708 690 2744 sunt
712 2716 736 2744 e
759 2700 922 2742 nostris
946 2699 1121 2742 circiter
1146 2699 1197 2749 L,
1220 2698 1294 2753 qui
1319 2697 1450 2740 simul
1470 2711 1624 2739 omnes
1641 2709 1743 2737 curn

115 2779 171 2820 ad
194 2793 296 2821 eum
328 2777 658 2822 benedictionis
686 2791 861 2827 caussa,
888 2776 960 2817 alii
990 2776 1076 2817 alio
1099 2773 1340 2818 discessuri
1365 2773 1613 2824 uenissent,
1642 2780 1743 2827 post

118 2861 346 2908 paternam
371 2854 742 2904 cohortationem,
768 2867 870 2894 cum
899 2866 1070 2907 «agnus
1096 2851 1204 2893 Dei»
1239 2849 1501 2892 muneribus
1533 2857 1639 2890 sunt
1669 2847 1738 2889 di-

117 2930 256 2973 missi.
791 2921 799 2927 ⁴

207 3008 276 3050 26.
344 3010 597 3051 Germanos
634 3020 813 3060 quoque
843 3005 993 3047 lateris
1022 3004 1284 3060 pontificum
1315 3003 1553 3058 stipatores
1584 3000 1742 3044 Socie-
