1971 3276
524 210 664 244 Eprsr.
689 210 840 253 72.—31
866 212 1115 246 DECEMssms
1138 213 1221 255 1561
1583 213 1652 257 289

72 324 188 360 men,
214 322 317 351 cum
341 309 466 363 quasi
491 317 677 364 stupens
710 310 893 364 iaceret,
921 318 969 352 ut
993 311 1103 352 nihil
1127 312 1213 353 iam
1238 313 1321 354 nisi
1346 320 1532 354 mortem
1564 327 1695 368 expe-

70 394 190 428 ctare
213 400 343 440 posse
364 385 604 429 uideretur.
635 386 730 429 Vbi*
745 387 920 429 animus
952 388 1082 441 redit,
1114 389 1288 430 Patrem
1314 389 1436 430 illum
1462 389 1536 443 qui
1566 389 1604 430 ei
1630 396 1693 430 ta-

70 462 125 504 lia
150 463 293 504 fuerat
317 462 631 517 comminatus,
658 463 866 505 accersiri
884 464 1030 519 jubet,
1053 464 1107 506 ad
1127 465 1455 508 confessionem
1475 480 1523 508 se
1547 466 1692 507 accin-

70 538 148 593 git.
178 540 352 580 Bonum
381 538 587 581 uidelicet
610 539 838 583 hominem
864 547 970 582 tunc
995 541 1125 582 timor
1151 541 1356 592 faciebat,
1380 556 1468 583 non
1492 541 1692 584 diuturni

69 615 280 669 magister
302 614 451 667 officii3
478 615 627 657 sanior
650 616 769 660 enim
789 616 874 658 iam
905 618 1067 669 factus,
1097 617 1245 660 triduo
1274 625 1351 660 aut
1379 619 1434 660 ad
1468 632 1692 660 summum

67 691 318 746 quatriduo,
344 693 428 733 hoc
451 699 519 734 est
544 693 619 734 ubi
644 693 800 737 timere
823 693 969 746 desiit,
1002 694 1132 737 rediit
1160 696 1215 737 ad
1243 709 1306 746 se3
1340 696 1419 737 sed
1450 695 1688 750 Dominus,

69 774 115 809 ut
145 767 408 821 misericors,
440 769 568 810 rediit
598 770 652 812 ad
686 771 887 825 uerbera,
926 771 1082 814 eodem
1118 771 1241 813 illum
1275 772 1433 813 morbo
1467 772 1688 827 affligens.

69 844 292 887 promittit
325 859 480 888 rursus
513 846 889 898 emendationem,
927 849 1005 889 sed
1029 862 1118 890 non
1140 855 1353 902 praestat;
1380 855 1424 892 et
1443 848 1604 890 mentis
1624 850 1687 890 fu-

60 935 160 964 rore
182 934 232 963 ac
257 921 377 964 rabie
400 921 716 975 inflammatus,
744 923 788 964 in
813 924 983 965 febrem
1001 924 1172 979 incidit,
1195 924 1350 966 statuit
1369 933 1540 967 mutare
1565 939 1686 967 men-

63 1003 166 1051 tem,
194 997 469 1040 conualescit
491 1013 516 1040 a
540 999 704 1050 furore,
732 1001 811 1042 sed
834 1001 890 1041 ab
915 1000 1090 1043 hectica
1113 1010 1157 1043 et
1183 1000 1404 1055 phthisica
1431 1001 1685 1055 corripitur3

61 1087 256 1128 cumque
286 1075 554 1129 sanguinem
587 1084 785 1130 spueret,
824 1077 1120 1119 uehementer
1152 1084 1402 1118 commotus
1436 1091 1485 1119 ac
1522 1085 1688 1120 terrore

64 1151 309 1205 perculsus,
339 1160 429 1193 tum
456 1152 636 1194 demum
655 1166 758 1194 cum
778 1160 868 1194 tota
898 1153 1033 1194 domo
1063 1161 1107 1194 et
1137 1153 1189 1194 iis
1218 1153 1487 1207 quibuscum
1518 1154 1688 1195 rixatus

60 1234 155 1270 erat
193 1235 237 1269 et
271 1228 522 1270 simultates
559 1236 837 1279 exercuerat,
885 1229 940 1270 ad
985 1229 1314 1272 confessionem
1357 1229 1567 1283 accessit,
1609 1244 1688 1284 per

61 1317 191 1357 quarn
215 1318 403 1358 corpore
426 1311 469 1347 et
493 1305 643 1346 animo
667 1319 804 1348 sanus
833 1307 1036 1358 effeetus,
1067 1305 1159 1347 suis
1184 1314 1252 1348 est
1288 1306 1617 1356 reconciliatus,
1644 1315 1687 1347 et

59 1379 103 1421 in
129 1380 375 1422 christiana
397 1382 638 1424 concordia
668 1389 711 1425 et
740 1381 959 1424 charitate
990 1382 1127 1423 uitam
1160 1384 1393 1424 honestam
1428 1382 1514 1424 iarn
1543 1382 1681 1424 ducit.

145 1471 186 1512 9.
254 1457 383 1499 Alius
406 1456 512 1500 item
537 1458 750 1500 diuturno
774 1458 992 1501 adulterio
1018 1458 1292 1512 inquinatus,
1319 1472 1422 1499 cum
1441 1459 1569 1513 graui
1588 1473 1682 1501 ora-

59 1532 177 1575 tione
200 1533 460 1576 confessarii
485 1533 545 1576 ita
576 1543 952 1585 commoueretur,
987 1541 1036 1575 ut
1068 1542 1173 1575 tunc
1203 1549 1259 1577 ne
1289 1534 1550 1589 perterritus
1579 1535 1679 1589 qui-

56 1610 173 1663 dem,
199 1610 503 1652 necessarium
526 1611 684 1653 salutis
703 1611 940 1653 consilium
966 1618 1161 1666 caperet,
1187 1611 1283 1654 sine
1306 1612 1585 1654 absolutione
1609 1611 1678 1653 di-

56 1686 234 1738 missus,
273 1686 486 1741 postridie
516 1695 687 1730 mutata
720 1687 943 1730 sententia
977 1687 1272 1729 concubinam
1308 1688 1512 1741 exclusit,
1549 1696 1594 1731 et
1625 1689 1681 1731 ad

47 1762 372 1804 confessarium
397 1764 508 1806 flens
533 1763 677 1815 rediit;
705 1779 730 1805 a
753 1778 841 1818 quo
867 1772 973 1805 tunc
997 1764 1177 1805 demum
1202 1765 1450 1815 absolutus,
1478 1764 1675 1807 diuinam

53 1838 241 1893 gratiam
267 1840 569 1894 recuperauit.

143 1927 205 1957 Io.
273 1915 422 1957 Huius
455 1916 635 1971 generis
667 1917 870 1971 exempla
903 1917 1125 1972 permulta
1159 1924 1340 1971 possent
1378 1917 1550 1972 referri,
1591 1917 1676 1959 nisi

48 1991 279 2033 breuitatis
302 1992 501 2034 studium
525 1993 797 2048 prohiberet,
831 2008 1003 2048 nosque
1025 1994 1081 2034 ad
1111 1993 1196 2035 alia
1226 1994 1447 2035 narranda
1478 1993 1674 2048 impelle-

51 2075 130 2109 ret.
157 2068 353 2122 Quidam
378 2068 515 2123 igitur
537 2069 649 2112 alius
671 2084 775 2111 cum
799 2084 846 2112 se
876 2070 920 2111 in
951 2078 1216 2124 perpetuum
1250 2070 1427 2112 diabolo
1456 2070 1671 2112 deuouis-

48 2151 131 2195 set,
163 2151 207 2187 et
235 2145 403 2200 aliquot
433 2159 575 2187 annos
603 2145 647 2187 in
677 2159 729 2188 ea
759 2146 976 2188 seruitute
1012 2145 1211 2197 uixisset,
1250 2147 1428 2188 tandem
1453 2161 1476 2188 a
1510 2146 1673 2188 nostris

50 2220 242 2275 adiutus,
271 2221 571 2275 poenitentiae
595 2221 817 2276 praesidio
846 2236 945 2265 sese
970 2223 1013 2263 in
1044 2222 1276 2277 pristinam
1300 2222 1551 2265 libertatem
1578 2223 1672 2264 uin-

46 2295 228 2348 dicauit,
253 2305 297 2338 et
321 2298 376 2339 ad
399 2297 632 2339 Christum
657 2312 866 2341 reuersus
888 2306 971 2342 est.
989 2298 1129 2340 *Alius
1159 2299 1303 2340 eidem
1335 2298 1455 2339 hosti
1486 2299 1671 2340 humani

48 2373 226 2427 generis
248 2374 469 2425 addictus,
496 2388 694 2418 sororem
717 2389 842 2418 suam
869 2389 1046 2417 ueneno
1067 2389 1226 2418 necare
1252 2375 1529 2428 decreuerat,
1552 2377 1671 2429 quod

44 2461 145 2490 cum
179 2457 382 2504 paratum
423 2450 538 2491 domi
571 2451 772 2501 haberet,
813 2450 1164 2505 oportunitatem
1209 2450 1342 2491 dandi
1383 2451 1666 2505 expectabat;

45 2525 124 2588 sed
146 2539 224 2579 per
246 2525 575 2569 confessionem
599 2534 643 2569 et
666 2526 800 2568 animi
823 2526 893 2569 sui
920 2541 1141 2568 uenenum
1166 2526 1384 2576 euomuit,
1412 2533 1456 2568 et
1480 2527 1599 2580 quod
1625 2527 1668 2568 in

46 2600 226 2643 alterius
250 2601 490 2656 perniciem
515 2610 869 2657 comparauerat,
896 2602 1074 2653 abiecit;
1100 2609 1144 2643 et
1168 2602 1244 2656 qui
1268 2615 1409 2657 nuper
1435 2610 1481 2643 ut
1505 2602 1666 2645 aliena-

48 2683 117 2719 tus
139 2692 163 2719 a
189 2680 295 2730 Deo,
321 2693 345 2720 a
368 2679 658 2720 sacramentis
679 2678 815 2721 etiam
839 2679 1123 2732 abhorrebat,
1150 2692 1270 2720 nunc
1301 2686 1464 2720 octauo
1488 2693 1667 2733 quoque

44 2753 114 2795 die
136 2761 466 2796 sacrosanctam
491 2754 819 2797 Eucharistiam
844 2769 1020 2797 sumere
1043 2755 1209 2797 studet.
1237 2754 1367 2797 Alius
1391 2754 1434 2795 in
1454 2768 1595 2796 coeno
1618 2755 1665 2796 li-

48 2828 207 2872 bidinis
239 2831 491 2882 uolutatus,
524 2818 626 2872 cum
657 2830 699 2872 in
730 2831 929 2874 diuinam
953 2831 1231 2874 maiestatem
1261 2830 1502 2873 identidem
1534 2832 1666 2874 male-

45 2904 162 2947 dicta
193 2907 460 2960 coniiceret,
498 2921 550 2948 ac
583 2907 811 2949 diabolum
841 2907 1092 2958 inuocaret,
1124 2906 1325 2949 ascendit
1355 2907 1594 2961 aliquando
1622 2908 1666 2950 in

45 2981 278 3033 quemdam
301 2982 470 3024 editum
495 2982 644 3023 locum
671 2997 758 3024 una
783 2997 885 3024 cum
910 2983 1042 3025 sociis
1068 2997 1222 3038 parum
1244 2982 1457 3033 honestis,
1480 2984 1535 3024 ad
1555 2997 1666 3037 quos

134 3056 286 3084 POLANOE
307 3063 563 3084 COMPLEMENTA
1421 3058 1455 3085 19
