1971 3276
617 205 757 238 EplS'r.
787 204 933 239 128.-1
961 204 1165 248 JANUARH
1191 205 1279 246 1507
1646 202 1715 237 633

129 312 221 346 tota
242 319 294 347 ea
318 319 418 359 pars
442 305 576 348 Vrbis
600 305 643 346 in
668 304 924 359 quindecim
952 305 1074 347 uicos
1098 312 1165 348 est
1196 303 1452 355 distributa3
1480 304 1523 344 in
1555 304 1761 358 singulos

127 389 278 423 autem
305 380 428 422 uicos
450 397 474 424 e
498 381 662 423 nostris
693 380 787 422 bini
815 380 1044 435 descripti,
1072 380 1145 435 qui
1176 395 1352 423 summo
1380 394 1510 421 mane
1542 380 1758 434 quotidie,

128 458 327 511 itemque
361 458 447 498 sub
480 471 711 512 uesperam
743 457 905 512 (ianuis
935 457 1112 500 aedium
1148 471 1335 499 numero
1367 464 1490 498 certo
1519 456 1762 509 distinctis)

126 548 227 575 cum
253 533 426 575 medico
449 533 662 588 deinceps
694 548 1058 588 unamquamque
1088 533 1273 575 domum
1311 532 1548 586 intrarent,
1575 533 1763 586 eiusque

126 610 294 653 dictata
317 611 372 651 de
397 610 568 665 aegroti
597 610 717 651 uictu
751 610 1063 664 medicinaque
1090 610 1416 653 describerent.
1446 610 1507 651 Ea
1537 609 1761 650 circuitio-

126 701 181 728 ne
201 694 394 741 peracta,
420 686 475 728 ad
500 700 625 728 suam
650 686 817 740 quique
841 686 1036 727 culinam
1058 687 1200 741 (erant
1219 692 1370 729 autem
1392 685 1568 728 culinae
1593 685 1762 739 aliquot

126 762 234 804 locis
252 762 630 804 commodioribus
649 771 950 817 comparatae,
973 763 1137 816 quibus
1157 762 1350 817 singulis
1372 769 1546 817 praeter
1566 776 1761 816 coquum

125 848 167 881 et
194 840 386 881 famulos
410 847 612 893 praeerat
638 854 754 881 unus
785 856 809 882 e
841 839 1036 894 nostris),
1075 854 1172 882 sese
1203 840 1258 881 ad
1291 841 1483 894 petenda
1508 838 1760 880 necessaria

124 915 272 957 edulia
295 917 603 957 conferebant:
631 930 746 969 quae
771 930 873 970 cum
899 916 985 958 iam
1009 924 1264 970 opportune
1285 924 1438 970 parata
1457 917 1756 966 offenderent,

124 999 348 1034 certorum
371 1006 453 1033 suo
477 991 664 1045 quilibet
687 992 868 1047 agmine
892 993 972 1035 XII
997 992 1173 1034 circiter
1199 992 1504 1033 ministrorum
1525 992 1759 1035 circumla-

126 1076 168 1110 ta
194 1069 361 1111 fercula
389 1083 444 1110 ex
474 1068 748 1123 praescripto
778 1068 938 1110 medici
971 1068 1249 1110 diuidebant.
1286 1069 1440 1122 Atque
1474 1070 1629 1111 eadem
1665 1077 1760 1110 erat

124 1145 167 1185 in
192 1145 442 1199 pharmacis
461 1145 588 1187 ratio.
619 1145 969 1187 Ministrantium
996 1145 1190 1186 maxima
1216 1157 1315 1199 pars
1339 1153 1433 1187 erat
1457 1159 1480 1186 e
1506 1145 1686 1186 nostris:
1715 1145 1757 1186 in

124 1221 176 1262 iis
199 1221 417 1276 magistri,
450 1222 675 1272 doctores,
708 1221 979 1273 sacerdotes,
1006 1235 1180 1264 necnon
1212 1221 1467 1275 superiores
1499 1221 1597 1275 ipsi.
1630 1217 1762 1263 Multi

124 1312 232 1339 uero
255 1298 358 1340 illuc
382 1298 515 1341 etiam
540 1314 564 1341 e
588 1298 826 1341 seminario
849 1298 1202 1353 germanicoque
1225 1297 1417 1353 collegio
1441 1298 1757 1351 confluebant,

125 1389 313 1428 quorum
339 1383 387 1416 ut
410 1375 601 1429 quisque
626 1374 930 1416 nobilissimus
953 1382 1048 1416 erat
1078 1388 1263 1429 genere,
1291 1374 1351 1415 ita
1375 1374 1598 1416 maximus
1624 1375 1762 1416 ardor

125 1451 259 1494 animi
283 1451 324 1492 in
349 1466 482 1507 opere
506 1452 790 1495 cernebatur.
823 1453 1131 1494 procedebant
1156 1459 1305 1494 autem
1333 1452 1378 1493 in
1405 1452 1610 1494 ordinem
1636 1467 1761 1506 prae—

124 1528 258 1569 cincti
282 1528 491 1583 linteolis,
520 1543 668 1583 peram
695 1528 885 1583 panibus
910 1529 1085 1583 plenam
1104 1528 1304 1570 humeris
1327 1528 1416 1582 alii,
1439 1513 1510 1570 alii
1537 1543 1644 1570 uasa
1669 1528 1763 1569 uini

127 1605 336 1655 ferentes,
363 1605 473 1646 ollas
492 1604 536 1645 hi
556 1605 774 1656 carnium,
799 1605 858 1646 illi
878 1612 1085 1656 contusa,
1110 1606 1180 1646 uel
1205 1606 1473 1647 saccharum
1495 1612 1538 1647 et
1559 1605 1758 1648 bellaria.

215 1691 284 1734 51.
353 1681 598 1736 Egregium
632 1695 738 1723 uero
768 1681 1092 1735 spectaculum,
1128 1682 1385 1735 multaeque
1415 1695 1517 1722 cum
1551 1683 1757 1736 uolupta-

127 1756 198 1811 tis,
228 1764 319 1798 tum
355 1756 599 1811 religionis,
635 1765 755 1799 tanta
785 1771 885 1798 cum
917 1757 1167 1812 disciplina,
1195 1760 1397 1810 caritate,
1427 1759 1661 1809 modestia,
1697 1765 1762 1800 tot

126 1833 226 1884 uiis,
256 1846 343 1875 uno
369 1841 586 1887 tempore,
615 1840 677 1875 tot
701 1840 925 1877 cateruae.
954 1834 1108 1888 Itaque
1134 1843 1474 1889 praetereuntes
1498 1835 1755 1877 honestissi-

125 1909 183 1950 mi
208 1923 342 1964 saepe
366 1910 465 1960 uiri,
493 1910 590 1952 eius
621 1910 681 1953 rei
712 1910 913 1952 nouitate
943 1911 1270 1961 retinebantur,
1306 1911 1515 1953 nonnulli
1546 1920 1592 1953 ut
1622 1912 1757 1953 inter<

126 1987 232 2028 dum
263 1986 509 2030 ministerio
540 2000 722 2041 quoque
754 2002 913 2030 manus
944 1987 1203 2030 adiicerent.
1243 1989 1411 2031 Verum
1438 1988 1480 2029 in
1511 2003 1564 2030 eo
1595 2002 1761 2042 genere

126 2063 267 2117 pietas
293 2063 530 2117 praecipue
554 2063 746 2104 sodalitii
777 2063 1012 2106 cuiusdam
1042 2065 1198 2115 eluxit,
1231 2065 1301 2106 cui
1333 2080 1357 2106 a
1388 2067 1445 2108 D.
1479 2066 1760 2119 Hieronymo

123 2153 287 2181 nomen
311 2147 377 2181 est
400 2139 611 2182 inditum.
638 2140 669 2182 li
694 2140 899 2183 homines
924 2142 1094 2184 Romae
1117 2149 1319 2196 spectata
1344 2142 1510 2184 uirtute
1532 2155 1583 2183 ac
1608 2142 1731 2197 probi
1751 2169 1754 2170 ν

127 2223 230 2269 tate,
254 2217 310 2258 ad
333 2224 586 2259 extremum
614 2231 756 2271 usque
779 2217 823 2258 in
849 2218 998 2259 officio
1018 2218 1324 2272 perstiterunt.
1354 2218 1443 2261 Alii
1466 2219 1759 2260 uehementer

127 2292 362 2334 consilium
401 2294 718 2347 approbantes,
759 2293 1040 2354 eleemosinis
1080 2295 1371 2336 adiuuabant:
1414 2295 1458 2335 in
1493 2295 1545 2335 iis
1580 2294 1758 2349 quidam

129 2369 347 2411 exhausta
370 2369 508 2410 semel
537 2383 766 2421 crumena,
795 2370 977 2411 domum
1010 2384 1234 2422 reuersus,
1265 2372 1353 2412 XX
1386 2371 1570 2425 insuper
1598 2385 1760 2412 aureos

129 2444 296 2487 retulit:
339 2444 520 2498 quidam
558 2459 615 2487 ex
654 2446 825 2487 horreis
858 2459 1069 2499 magnam
1106 2446 1195 2488 uim
1231 2447 1442 2489 frumenti
1484 2461 1756 2501 prompsere.

129 2520 343 2562 Foemina
377 2534 484 2562 uero
512 2520 735 2575 primaria,
768 2521 811 2562 id
846 2522 965 2576 quod
1000 2522 1135 2565 fiebat
1168 2536 1193 2564 e
1229 2524 1423 2565 fenestra
1462 2523 1758 2577 prospiciens,

131 2603 392 2650 percontata
415 2596 522 2651 quid
544 2607 677 2648 esset,
704 2611 785 2639 sua
810 2612 942 2639 manu
967 2599 1202 2640 confestim
1236 2599 1278 2640 in
1304 2599 1549 2653 exquisitas
1578 2600 1760 2640 saccha-

129 2671 164 2713 ri
187 2673 471 2714 confecturas
494 2672 714 2725 incubuit;
741 2681 784 2715 et
808 2689 862 2717 ex
886 2674 938 2716 iis
962 2675 1127 2729 optime
1158 2675 1304 2727 factis,
1334 2682 1507 2716 tantum
1540 2683 1757 2728 quantum

129 2748 334 2789 homines
357 2749 448 2791 duo
472 2756 651 2804 gestare
675 2749 750 2791 uix
774 2758 957 2805 possent
987 2765 1089 2792 cum
1120 2751 1268 2794 aureis
1298 2749 1525 2809 num[m]is
1554 2752 1685 2793 XXX
1715 2751 1758 2792 in

130 2823 379 2866 subsidium
400 2825 518 2866 misit
544 2825 593 2868 ¹⁰.
621 2825 723 2868 Alia
748 2826 915 2868 uitulos
939 2834 1159 2881 quotquot
1183 2841 1295 2881 opus
1323 2835 1474 2870 essent
1498 2842 1521 2869 e
1545 2828 1638 2870 suis
1661 2842 1762 2882 gre-

201 2931 229 2949 ¹⁰
280 2930 456 2964 Narratio
476 2930 523 2964 de
535 2942 609 2976 qua
629 2937 757 2966 annot.
779 2939 807 2972 l,
823 2931 916 2965 dicit
935 2932 1032 2966 hanc
1048 2931 1229 2966 feminam
1245 2932 1366 2967 fuisse
1381 2933 1593 2979 principem
1614 2934 1763 2968 Sulmo-

129 2988 204 3023 nis.
222 2988 284 3025 Cf.
307 2989 420 3033 epist.
446 2988 523 3032 143,
547 3001 583 3024 n.
606 2989 662 3024 38.
