1971 3276
554 198 688 233 prsT.
723 198 894 234 126.-21
926 196 1141 233 OCTossms
1171 198 1259 240 1566
1608 207 1676 242 599

97 315 144 344 se
169 299 349 343 uederlo
371 313 454 340 con
479 298 506 339 li
541 298 686 341 istessi
717 298 971 341 uestimenti
995 298 1038 339 di
1063 299 1276 353 galeottO,
1303 305 1347 340 et
1369 297 1397 338 li
1422 299 1517 342 fece
1545 313 1631 340 una
1654 314 1722 342 03-

98 376 357 431 sortatione,
395 375 672 417 riducendoli
704 390 728 417 a
769 376 808 417 la
848 375 1061 418 memoria
1092 376 1132 416 la
1172 374 1425 433 prig[i]onia
1456 382 1648 429 passata,
1685 384 1728 418 et

97 453 404 495 essortandolo
427 467 451 494 a
475 453 540 493 far
565 452 656 494 uita
692 452 891 493 uirtuosa
918 459 961 493 et
990 451 1164 507 xpiana.
1192 466 1270 507 per
1294 453 1521 496 l’auenire.
1545 454 1599 494 Et
1622 453 1729 507 dop-

98 544 153 584 po
177 530 217 570 lo
245 529 408 571 mando
427 528 470 569 in
495 528 646 570 chiesa
680 536 845 579 nostra,
879 528 1314 570 raccomandandolo
1343 529 1397 570 ad
1428 544 1517 571 uno
1545 528 1618 572 dei
1652 543 1728 571 no-

92 606 189 657 stri,
216 605 338 647 30010
357 605 383 646 li
407 604 527 648 dessi
552 619 611 646 un
637 606 882 655 confessor,
910 605 977 646 col
1002 605 1132 658 quale
1161 605 1382 660 supplisse
1411 606 1512 659 quel
1537 607 1620 647 che
1646 621 1723 661 per

93 682 298 725 l’adietro
334 683 397 724 fra
432 681 599 723 infideli
640 696 728 722 non
764 681 941 723 haueua
974 688 1131 736 potuto
1161 683 1268 735 fare,
1307 681 1401 724 cioe
1440 683 1723 726 confessarsi.

96 760 255 813 Doppo
279 758 306 799 li
331 758 460 801 diede
485 772 544 800 un
569 758 741 800 cauallo
759 766 802 800 et
828 772 886 799 un
906 758 1210 813 cauaglierato
1228 758 1270 799 di
1291 759 1337 802 S.
1362 758 1526 811 Pietro,
1547 760 1629 802 che
1650 775 1726 802 ua-

93 849 221 891 caua,
248 836 290 876 di
317 835 466 878 ualore
492 849 600 888 poco
623 835 697 889 pisi
721 849 746 875 0
770 849 902 876 10000
924 834 968 875 di
998 847 1076 877 Ioo
1101 836 1243 887 scudi,
1271 835 1395 877 accio
1419 850 1465 877 30
1490 851 1544 878 00
1568 837 1725 879 30(133-

93 911 130 953 si
153 926 235 953 con
262 912 347 954 Dio
371 926 394 953 a
418 926 520 953 casa
542 926 638 963 sua,
666 926 749 953 con
774 912 968 965 qualche
990 912 1101 953 altra
1124 920 1290 955 coseta.

184 990 245 1031 La
276 989 478 1030 medema
508 988 667 1031 liberta
699 996 869 1042 quanto
900 987 939 1029 a’
965 988 1135 1042 parenti
1159 989 1325 1030 mostro
1354 989 1397 1030 in
1429 997 1606 1043 questo:
1645 991 1728 1032 che

94 1064 364 1108 offerendosi
389 1078 448 1106 un
474 1065 820 1119 gentil’huomo‚
843 1065 997 1119 signor
1019 1065 1061 1106 di
1085 1065 1274 1116 vassalli,
1300 1066 1342 1106 di
1370 1066 1537 1108 uender
1562 1081 1620 1108 un
1645 1080 1729 1108 suo

94 1142 191 1183 loco
215 1156 239 1182 a
264 1156 344 1183 sua
368 1140 530 1183 santita
558 1156 771 1196 appresso
793 1141 821 1182 il
849 1143 993 1184 Bosco
1019 1141 1033 1160 ⁴
1060 1143 1176 1194 (loco
1195 1143 1265 1185 nel
1291 1143 1421 1196 quale
1439 1142 1461 1185 ὲ
1480 1150 1584 1184 nato
1607 1150 1652 1186 et
1670 1144 1728 1184 31-

93 1219 243 1261 leuato
266 1218 294 1258 il
321 1219 463 1273 papa),
490 1232 538 1260 se
562 1219 604 1259 lo
638 1219 800 1260 uoleua
833 1217 1102 1274 comp[r]are
1127 1233 1203 1273 per
1231 1218 1259 1259 li
1288 1219 1384 1260 suoi
1415 1220 1583 1274 nepoti,
1610 1220 1638 1260 li
1668 1220 1724 1260 ri-

93 1309 239 1350 spose,
266 1296 348 1336 che
373 1294 408 1336 si
436 1294 759 1350 marauigliaua
783 1295 922 1336 molto
945 1295 1029 1336 che
1056 1295 1236 1337 hauessi
1261 1302 1445 1350 pensato
1467 1295 1579 1337 simil
1608 1310 1729 1348 cosa;

96 1371 260 1426 perche
289 1371 478 1426 {l'animo
508 1385 590 1413 suo
619 1386 708 1412 000
742 1385 816 1413 era
845 1370 889 1413 di
929 1371 1088 1413 lasciar
1118 1371 1221 1413 stati
1251 1373 1293 1413 ai
1323 1372 1420 1414 suoi
1457 1373 1645 1427 parenti,
1687 1380 1731 1416 et

93 1447 190 1490 cosi
216 1462 303 1489 non
327 1462 402 1490 era
426 1462 502 1503 per
529 1448 795 1502 comprarlo.
826 1448 881 1489 Et
899 1448 967 1489 001
993 1447 1237 1490 medesimo
1260 1448 1429 1503 spirito,
1457 1449 1730 1492 domandan-

91 1524 198 1565 dolo
221 1523 249 1564 il
275 1523 431 1579 signor
453 1524 524 1566 del
551 1525 697 1566 Bosco
721 1525 823 1577 (che
847 1524 871 1566 0
896 1538 954 1565 un
979 1525 1118 1566 baron
1143 1525 1212 1566 del
1237 1532 1352 1566 stato
1376 1525 1417 1566 di
1438 1525 1620 1580 Milano)
1644 1541 1732 1569 una

93 1600 252 1643 sorella
277 1600 347 1642 del
374 1599 601 1642 cardinale
627 1600 953 1643 Alessandrino
977 1615 1052 1655 per
1075 1601 1256 1656 moglie,
1283 1601 1312 1642 li
1341 1602 1508 1656 rispose
1540 1602 1567 1643 il
1594 1617 1730 1657 papa,

91 1678 177 1719 che
201 1691 289 1718 non
315 1692 389 1720 era
415 1677 501 1720 tale
527 1691 607 1719 sua
632 1677 834 1732 uolunta,
858 1692 929 1719 ma
953 1678 1036 1719 che
1053 1692 1152 1721 essa
1172 1677 1206 1719 si
1227 1678 1445 1720 maritassi
1464 1693 1547 1720 con
1569 1693 1627 1720 un
1650 1693 1734 1722 suo

90 1755 266 1807 equale,
292 1761 335 1797 et
359 1768 446 1795 000
470 1755 510 1796 13
533 1754 637 1796 dote
660 1756 743 1795 che
766 1768 844 1809 per
868 1755 927 1795 tal
951 1755 1093 1809 grado
1116 1755 1152 1796 si
1177 1755 1435 1799 richedeua.
1731 1742 1735 1745 .

183 1843 222 1884 3.
292 1832 488 1886 Quando
516 1831 551 1872 si
585 1831 742 1873 faceua
772 1831 800 1872 il
833 1831 1115 1883 consistorio,
1156 1831 1193 1873 si
1212 1832 1362 1875 ¹usaua
1392 1847 1468 1888 per
1491 1832 1518 1873 il
1546 1840 1726 1887 passato

93 1907 262 1949 musica
288 1907 331 1948 di
357 1908 530 1949 trombe
552 1914 596 1950 et
619 1907 717 1950 altri
741 1907 853 1950 uarii
879 1908 1179 1952 instrumenti.
1208 1909 1381 1963 Questa
1400 1923 1562 1964 pompa
1586 1922 1675 1951 non
1699 1909 1727 1950 li

88 1984 114 2026 e
137 1998 264 2039 parsa
292 1984 608 2036 conueniente,
629 1992 673 2028 et
696 1985 787 2028 cosi
812 1985 887 2040 gia
911 2000 998 2027 non
1023 1985 1057 2027 si
1085 2000 1180 2029 usa.
1203 1987 1257 2028 Et
1281 2000 1365 2028 con
1384 2000 1496 2041 poca
1513 1993 1651 2041 gente
1670 2000 1726 2028 ua

86 2074 168 2102 sua
191 2061 354 2103 santita
379 2076 403 2103 a
426 2062 491 2103 far
521 2061 700 2104 l’officio
730 2062 771 2103 di
804 2076 1021 2113 uescouo,
1055 2077 1141 2104 non
1172 2063 1418 2105 solamente
1449 2062 1721 2115 uniuersale,

91 2151 160 2178 ma
183 2137 315 2179 etiam
341 2137 605 2192 particolare
631 2138 672 2179 di
706 2140 860 2193 Roma,
900 2138 1123 2181 uisitando
1146 2140 1185 2181 le
1214 2154 1293 2181 sue
1322 2140 1488 2190 chiese,
1515 2147 1558 2181 et
1581 2140 1724 2182 anche

88 2213 357 2268 predicando
381 2215 495 2257 nelle
521 2214 770 2270 principali,
801 2229 928 2257 come
951 2216 995 2256 in
1019 2216 1166 2269 quella
1184 2215 1227 2257 di
1250 2217 1298 2259 S.
1322 2216 1489 2269 pietro,
1512 2217 1559 2259 S.
1584 2215 1723 2258 Maria

90 2289 342 2344 Maggiore,
369 2291 420 2333 S.
446 2290 595 2333 Gioan
621 2292 855 2343 Laterano,
875 2305 978 2333 cosa
997 2293 1083 2334 che
1101 2306 1230 2334 come
1248 2292 1270 2335 ὲ
1289 2291 1486 2343 insolita,
1512 2292 1567 2333 da
1587 2292 1724 2333 molta

84 2366 381 2409 admiratione
403 2375 447 2409 et
471 2366 770 2411 edificatione.
950 2357 961 2365 ἃ

173 2455 215 2496 4.
282 2443 364 2485 Col
389 2457 472 2485 suo
495 2443 716 2498 033010ρὶ0
735 2453 778 2486 et
804 2457 911 2486 cura
936 2458 991 2486 ua
1011 2444 1284 2487 riformando
1308 2446 1347 2486 la
1366 2445 1578 2499 famiglia,
1600 2452 1644 2486 et
1663 2445 1720 2486 ha

88 2518 272 2574 pigliato
296 2528 455 2574 questo
479 2520 615 2561 molto
640 2520 694 2562 da
719 2520 905 2571 douero,
938 2520 1267 2563 considerando
1295 2522 1383 2564 che
1406 2521 1569 2576 poiche
1598 2520 1722 2563 Iddio

85 2596 141 2638 N.
169 2597 216 2639 S.
245 2597 330 2638 l'ha
354 2596 457 2638 dato
479 2596 520 2638 la
548 2610 656 2639 cura
679 2596 722 2638 di
748 2604 862 2639 tutta
886 2597 925 2638 la
954 2611 1036 2639 sua
1065 2597 1232 2647 chiesa,
1266 2598 1402 2639 molto
1421 2597 1494 2652 pit]
1518 2597 1562 2639 in
1588 2597 1719 2652 parti-

83 2673 230 2715 colare
261 2674 316 2714 ha
350 2672 395 2714 di
429 2673 600 2715 tenerla
627 2673 731 2716 delli
764 2673 861 2715 suoi
903 2673 1154 2726 domestici,
1195 2674 1404 2716 massime
1437 2674 1720 2728 importando

86 2757 209 2792 tanto
232 2750 491 2805 l'essempio
514 2750 556 2791 di
586 2764 668 2792 sua
693 2750 906 2806 famiglia,
933 2751 1060 2793 accio
1090 2751 1128 2793 si
1159 2750 1390 2793 riformino
1421 2751 1566 2806 quelle
1594 2747 1720 2807 degli

84 2826 184 2868 altri
217 2826 509 2870 ecclesiastici
538 2826 581 2868 di
613 2827 753 2869 Roma
775 2834 820 2869 et
842 2827 886 2868 di
911 2834 1024 2869 tutte
1047 2827 1087 2870 le
1110 2827 1221 2869 altre
1244 2827 1375 2883 parti.
1399 2829 1518 2871 Fece
1540 2828 1580 2870 al
1600 2829 1717 2884 prin-

155 2991 169 3010 ⁴
219 2990 278 3026 Cf.
301 2991 415 3037 epist.
440 2990 517 3036 123,
539 2996 670 3027 annot.
690 2999 723 3035 7.
