1971 3276
606 183 743 219 EPIST.
773 183 929 226 82.--15
949 184 1059 228 JULn
1083 183 1170 227 1563
1624 185 1688 229 391

109 283 211 325 altri
233 284 315 325 che
339 290 537 337 tengono
560 283 766 326 beneficii
790 283 949 334 curati,
970 290 1088 325 sotto
1105 283 1234 338 graui
1252 298 1382 339 pene,
1404 291 1449 328 et
1466 285 1521 327 de
1544 286 1653 327 altre
1675 285 1738 326 di-

114 373 241 402 uerse
266 358 450 402 materie
473 365 628 400 contra
651 358 678 399 li
699 358 826 400 abusi
855 361 939 402 che
966 358 1295 414 intrauengono
1319 359 1437 402 circa
1466 360 1650 402 l’ordine
1671 376 1733 403 53-

109 449 201 477 cro.
235 436 289 476 Et
313 434 616 476 dimandando
639 435 680 476 al
709 435 769 476 fin
793 449 841 478 se
864 450 888 476 a
917 435 1019 478 tutti
1050 435 1252 489 piaceua,
1275 444 1491 479 trouorno
1520 437 1548 478 li
1578 437 1741 479 notarii

109 524 277 553 ancora
295 511 370 565 qui
390 511 561 566 grande
579 511 862 565 conformita,
889 512 1056 567 perche
1073 512 1319 555 solamente
1345 513 1474 554 furno
1499 521 1564 555 tre
1585 529 1610 556 a
1634 528 1738 567 qua-

111 587 139 628 li
162 587 430 642 despiaceua
453 587 493 629 el
516 587 698 629 decreto
729 588 845 630 della
879 587 1117 631 residentia
1140 596 1309 642 quanto
1337 590 1377 630 al
1401 590 1549 642 modo,
1575 596 1619 633 et
1643 590 1741 631 altri

110 664 244 719 pochi
269 670 479 706 toccaron
499 663 678 707 diuerse
697 665 808 708 altre
826 679 946 716 cose3
972 672 1016 708 et
1041 666 1096 708 de
1119 665 1290 720 alguni,
1316 665 1385 708 de'
1409 666 1528 720 quali
1550 666 1586 708 si
1607 674 1739 708 teme-

112 755 168 782 ua
202 754 288 782 non
330 741 550 783 facessero
585 741 778 795 qualche
817 755 996 783 rumore
1035 756 1120 783 con
1145 742 1456 797 protestationi
1485 757 1511 784 0
1542 743 1596 785 de
1629 744 1742 785 altro

111 818 256 870 modo,
281 818 455 861 dettero
476 833 560 860 suo
588 818 947 861 consentimento
967 818 1410 874 quietissimamente.
1434 819 1520 862 Dio
1542 819 1737 871 laudato,

108 894 150 935 al
174 893 276 947 qual
300 893 469 948 piaccia
492 894 684 937 seruisse
707 895 762 937 de
785 895 888 949 quel
914 896 996 937 che
1019 910 1067 938 se
1091 896 1148 936 ha
1174 895 1380 937 ordinato
1403 895 1447 936 in
1470 904 1627 949 questa
1650 910 1739 938 505-

110 971 254 1022 sione,
281 970 325 1012 in
350 971 480 1013 modo
504 972 589 1013 che
614 985 762 1026 uenga
785 972 826 1013 la
849 985 953 1014 cosa
976 971 1074 1013 sino
1097 972 1137 1013 al
1165 973 1342 1026 effecto,
1371 972 1530 1027 poiche
1553 987 1640 1014 non
1665 973 1741 1015 ba-

110 1054 242 1089 stano
264 1047 293 1088 li
316 1047 501 1090 decreti.

202 1134 241 1177 5.
308 1124 367 1167 Se
391 1123 550 1166 intimo
574 1125 611 1165 la
637 1124 707 1167 8.ει
731 1124 931 1167 sessione
954 1138 1032 1179 per
1055 1123 1083 1165 li
1114 1125 1164 1166 16
1186 1125 1241 1166 de
1265 1122 1377 1176 7.¹³1³,
1404 1124 1519 1167 nella
1542 1125 1672 1178 quale
1694 1140 1741 1168 se

111 1201 170 1241 ha
193 1201 247 1242 de
272 1207 456 1242 trattare
478 1200 548 1242 del
582 1207 864 1243 sacramento
895 1201 966 1244 del
998 1200 1280 1242 matrimonio
1298 1208 1342 1242 et
1364 1201 1420 1243 de
1443 1199 1583 1244 l'altre
1606 1208 1741 1244 mate-

113 1278 175 1319 rie
198 1286 490 1319 controuerse
513 1291 598 1319 con
634 1277 663 1318 li
688 1277 891 1328 heretici,
918 1285 962 1321 et
985 1276 1079 1319 0051
1104 1278 1485 1321 medesmamente
1508 1278 1621 1320 della
1644 1292 1742 1333 pro-

113 1352 302 1409 [uisione
325 1353 427 1396 delli
451 1353 655 1410 v]escoui
683 1352 701 1378 d
724 1361 768 1397 et
791 1354 981 1408 dignita,
1015 1362 1058 1397 et
1081 1354 1136 1396 de
1159 1354 1268 1396 altre
1298 1355 1433 1396 molte
1460 1368 1563 1397 cose
1586 1369 1739 1410 appar·

114 1429 283 1472 tenenti
301 1430 385 1472 3113
404 1430 736 1473 reformatione.
758 1431 813 1471 Et
832 1430 871 1472 ci
890 1431 914 1472 0
933 1430 1004 1471 0111
1026 1445 1163 1485 pensa
1180 1432 1266 1473 che
1283 1445 1331 1474 se
1347 1430 1494 1485 [tutto]
1517 1438 1675 1484 questo
1693 1445 1742 1475 50

113 1501 238 1554 potra
256 1500 527 1542 concludere
550 1500 594 1542 in
625 1508 782 1554 questa
807 1499 876 1542 8f¹
902 1500 1116 1551 sessione,
1154 1514 1323 1541 ancora
1351 1515 1399 1542 se
1421 1501 1691 1543 concludera
1713 1500 1741 1541 il

110 1576 316 1627 concilio;
337 1583 381 1618 et
405 1591 481 1631 per
504 1584 663 1630 questo
687 1577 841 1619 effetto
864 1591 942 1632 per
968 1576 1066 1618 finir
1087 1576 1162 1630 piu
1185 1583 1351 1631 presto,
1377 1591 1425 1618 se
1450 1576 1633 1619 intende
1655 1577 1742 1620 che

112 1666 201 1694 non
228 1653 439 1707 uogliono
463 1667 702 1695 consumar
726 1660 851 1695 tanto
877 1661 1026 1708 tempo
1050 1667 1177 1696 come
1200 1654 1290 1694 han
1316 1653 1426 1695 fatto
1445 1653 1568 1708 peril
1593 1667 1749 1708 passa<

113 1736 158 1769 to
181 1729 296 1771 nelle
315 1728 524 1783 publiche
548 1729 890 1785 congregationi
911 1730 965 1772 de
991 1729 1206 1784 theologi,
1227 1743 1275 1791 se
1300 1743 1389 1771 non
1411 1730 1497 1772 che
1520 1730 1708 1771 faranno
1725 1736 1740 1754 e

112 1804 289 1848 diuerse
311 1805 592 1860 deputationi
615 1806 669 1847 de
693 1806 865 1860 prelati,
886 1806 1010 1848 accio
1032 1806 1215 1847 trattino
1238 1805 1313 1861 piu
1333 1805 1376 1847 in
1401 1806 1540 1849 breue
1563 1806 1740 1849 diuerse

108 1882 308 1933 materie,
329 1881 448 1936 quali
467 1882 502 1924 si
527 1882 708 1937 possino
732 1882 803 1938 poi
833 1897 1080 1938 proponere
1105 1883 1219 1925 nelle
1238 1881 1581 1937 congregationi
1604 1896 1739 1937 gene—

110 1959 205 2002 rali.
227 1960 281 2000 Et
299 1974 348 2001 so
366 1960 450 2002 che
473 1959 509 2001 si
529 1974 609 2001 son
635 1959 987 2002 ricommandate
1005 1974 1030 2000 3
1049 1959 1183 2013 quelli
1207 1959 1322 2001 della
1340 1959 1637 2015 Compagnia,
1657 1960 1741 2002 che

108 2036 184 2091 qui
208 2050 368 2087 sonno,
395 2035 572 2079 diuerse
598 2036 780 2079 materie
797 2036 841 2078 di
866 2043 1023 2091 queste
1046 2037 1132 2079 che
1150 2037 1308 2079 adesso
1326 2050 1469 2078 sonno
1492 2035 1538 2077 in
1558 2043 1738 2078 contro-

110 2113 270 2165 uersia,
301 2127 428 2156 come
452 2113 507 2155 de
534 2112 842 2168 indulgentiis,
875 2113 930 2155 de
953 2127 1038 2155 usu
1071 2113 1335 2168 imaginum,
1368 2113 1423 2155 de
1454 2111 1741 2154 inuocatione

111 2198 385 2243 sanctorum,
411 2196 454 2231 et
478 2189 518 2232 le
542 2189 668 2242 altre,
694 2189 818 2231 accio
842 2190 882 2233 le
908 2190 1082 2233 uedano
1105 2196 1149 2232 et
1175 2188 1505 2245 apparechiano
1529 2189 1569 2231 le
1593 2188 1738 2243 ragio-

110 2266 170 2319 ni,
195 2266 437 2309 uolendose
455 2266 658 2321 agiutare
676 2267 732 2309 de
751 2266 850 2308 suoi
870 2265 1062 2322 trauagli
1079 2273 1122 2308 et
1142 2265 1360 2317 doctrina,
1381 2273 1425 2307 et
1449 2264 1736 2320 specialmen-

112 2350 155 2386 te
178 2344 232 2384 de
254 2350 407 2384 nostro
434 2343 576 2385 Padre
593 2352 636 2385 et
660 2343 730 2384 del
758 2344 806 2384 P.
836 2343 1112 2396 Salmerone,
1141 2342 1259 2396 quali
1286 2349 1483 2396 tengono
1504 2341 1639 2382 molta
1661 2354 1737 2383 au-

109 2418 285 2472 ctorita,
324 2418 361 2461 51
397 2433 481 2460 con
517 2419 545 2459 li
574 2419 710 2474 legati
749 2432 876 2460 come
905 2433 992 2460 con
1032 2418 1058 2459 li
1090 2418 1189 2459 altri
1228 2419 1298 2460 del
1331 2416 1537 2468 concilio;
1570 2424 1614 2459 et
1644 2415 1739 2459 0051

113 2495 428 2553 nel[l’]ultima
458 2495 829 2550 congregatione,
866 2496 981 2539 nella
1005 2495 1136 2550 quale
1165 2494 1193 2535 li
1218 2493 1355 2549 legati
1387 2493 1423 2535 si
1449 2493 1655 2535 risolsero
1683 2493 1739 2535 de

111 2573 175 2613 far
199 2572 239 2613 13
262 2571 476 2623 sessione,
505 2586 593 2614 non
618 2573 826 2615 obstante
854 2572 895 2613 la
927 2571 1194 2626 grauissima
1217 2569 1429 2612 instantia
1453 2571 1537 2612 che
1562 2570 1738 2612 faceua-

113 2662 169 2689 no
190 2648 220 2689 li
243 2648 400 2702 prelati
423 2649 507 2691 che
529 2648 573 2690 di
596 2662 726 2703 sopra
750 2648 873 2700 dissi,
900 2647 937 2690 si
961 2647 1219 2690 chiamorno
1242 2646 1485 2689 solamente
1518 2646 1545 2688 6
1569 2646 1738 2689 theolo-

109 2723 157 2779 gi
181 2738 266 2765 con
291 2724 420 2778 pochi
449 2724 523 2779 piu
548 2724 743 2776 vescoui,
766 2724 843 2767 dui
861 2724 964 2767 delli
991 2723 1197 2777 francesi‚
1223 2731 1267 2765 et
1298 2737 1358 2765 un
1382 2724 1669 2777 flammengo‚
1695 2729 1739 2765 et

114 2814 173 2841 un
196 2801 308 2842 altro
340 2802 629 2855 portughese,
655 2808 699 2843 et
721 2800 793 2842 doi
822 2800 892 2842 del
918 2814 1046 2854 papa,
1076 2807 1120 2842 et
1144 2799 1289 2854 questi
1320 2800 1448 2840 forno
1478 2804 1633 2841 nostro
1659 2798 1739 2840 Pa-

180 2965 199 2990 d
251 2964 377 2998 Scissa
397 2964 553 3005 chartffl·
572 2964 800 3008 supplemus
819 2973 864 2996 ex
885 2961 966 2996 alio
984 2966 1125 3008 apogr.
1181 2972 1249 2989 ——e
1274 2961 1452 2998 farrando
1471 2973 1541 2998 ms,
