1971 3276
539 207 675 243 EPIST.
704 207 855 251 72.-31
887 209 1134 243 DEcEiissms
1166 209 1249 251 1561
1599 208 1665 252 305

87 303 355 346 censendam
374 319 473 348 esse
495 320 583 347 non
608 307 652 349 in
688 307 851 349 infimis
876 314 952 350 aut
977 308 1149 359 mediis,
1177 309 1254 350 sed
1279 309 1464 350 summis
1488 323 1538 350 ac
1565 308 1714 363 primis

88 379 264 434 pietatis
295 388 339 422 et
372 382 600 424 charitatis
633 383 792 425 officiis
825 398 876 426 ac
915 383 1187 436 ministeriis,
1228 384 1272 425 in
1311 384 1474 438 quibus
1512 384 1715 428 Societas

87 464 347 511 occupatur.
382 459 442 500 Ea
479 467 545 501 est
580 459 773 514 denique
811 462 930 515 apud
960 475 1115 503 omnes
1143 460 1278 503 huius
1311 460 1486 515 collegii
1525 461 1639 502 fama
1672 467 1715 502 et

87 534 250 589 opinio,
279 543 326 575 ut
356 536 734 590 quemadmodum
760 537 963 580 fecerunt
987 537 1186 592 plerique
1209 538 1401 592 illorum,
1431 537 1505 591 qui
1535 536 1715 579 admissi

85 618 207 664 sunt,
233 610 295 652 sic
319 626 474 654 omnes
497 613 572 666 qui
596 613 808 668 deinceps
829 613 1002 656 admitti
1034 615 1207 668 uolunt,
1240 628 1341 656 cum
1366 629 1391 656 a
1421 613 1584 656 nostris
1608 628 1712 668 pro-

87 694 185 742 pter
208 687 293 730 loci
318 689 551 743 angustias
575 690 797 744 repulsam
822 692 983 741 ferant,
1011 697 1087 732 aut
1117 690 1179 733 rei
1206 678 1468 733 difficultate
1493 690 1713 742 diffidant,

83 765 332 807 cardinales
361 772 406 807 et
435 780 511 808 eos
535 766 772 821 optimates
795 781 985 821 quorum
1016 766 1301 809 autoritatem
1330 768 1449 822 apud
1472 781 1553 809 nos
1582 767 1716 822 pluri-

88 857 208 884 mum
233 843 382 885 ualere
412 842 628 894 sentiunt,
661 843 975 898 deprecatores
1007 843 1219 886 adhibere
1249 851 1486 899 cogantur.
1519 845 1617 886 Hac
1651 858 1714 885 ra-

88 919 210 962 tione
240 927 284 962 et
319 920 562 960 multorum
597 919 734 961 animi
768 934 792 961 a
828 919 1058 964 Societate
1088 927 1220 979 antea
1249 920 1381 963 alieni
1411 920 1539 962 nobis
1562 920 1716 962 deuin-

88 996 267 1038 ciuntur
289 1003 321 1047 a,
343 1003 387 1037 et
405 996 556 1051 plures
573 995 617 1037 in
635 995 729 1038 dies
753 998 950 1039 fautores
973 1003 1016 1039 et
1042 996 1216 1052 patroni
1240 1004 1570 1051 comparantur.
1594 998 1714 1051 Qua-

89 1079 271 1128 propter
293 1073 376 1114 hac
399 1072 443 1113 in
469 1087 515 1116 re
540 1071 730 1114 maxime
749 1073 927 1115 uidetur
950 1073 1092 1115 labori
1118 1074 1291 1115 fructus
1315 1074 1601 1128 respondere.

178 1162 249 1203 30.
314 1148 509 1203 Insignis
531 1149 664 1192 etiarn
689 1149 908 1203 quaedam
933 1149 1132 1191 cernitur
1156 1150 1200 1191 in
1224 1149 1331 1204 ipsis
1354 1150 1716 1193 adolescentibus

91 1240 263 1268 morum
288 1225 491 1276 mutatio,
517 1232 561 1267 et
584 1227 812 1280 profectus
835 1225 879 1267 in
903 1226 1060 1268 litteris
1085 1240 1173 1268 non
1200 1226 1413 1281 uulgaris,
1439 1234 1483 1268 et
1508 1227 1627 1269 uitae
1651 1242 1716 1269 ra-

89 1303 150 1345 tio
179 1303 315 1357 longe
343 1302 521 1344 diuersa
551 1316 575 1343 a
607 1302 834 1344 communi
868 1303 1119 1346 iuuentutis
1159 1303 1503 1356 consuetudine3
1541 1312 1585 1347 et
1613 1318 1715 1346 cum

89 1394 245 1422 omnes
264 1393 351 1420 non
367 1378 449 1420 nisi
468 1379 606 1422 semel
628 1378 819 1434 singulis
843 1380 1073 1422 mensibus
1096 1379 1301 1423 confiteri
1319 1387 1363 1423 et
1384 1380 1711 1423 Eucharistiam

91 1470 267 1499 sumere
295 1454 472 1510 collegii
500 1455 694 1499 decretis
728 1470 779 1497 ac
808 1455 985 1511 legibus
1015 1456 1275 1507 iubeantur,
1304 1457 1431 1498 multi
1462 1464 1608 1499 tamen
1643 1472 1715 1500 eo-

92 1547 187 1574 rum
213 1546 293 1574 sua
316 1539 475 1587 sponte
498 1539 661 1574 octauo
685 1547 864 1586 quoque
886 1532 957 1573 die
981 1532 1024 1574 id
1050 1533 1233 1576 faciunt.

167 1620 236 1662 31.
290 1609 377 1650 Iam
399 1607 473 1661 qui
491 1607 536 1648 in
555 1607 825 1650 Societatem
844 1609 1018 1650 admitti
1036 1609 1241 1664 cupiunt,
1262 1610 1428 1651 scimus
1446 1624 1543 1653 esse
1563 1625 1715 1665 quam·

94 1683 324 1739 plurimos.
353 1684 413 1725 Vt
437 1697 544 1725 uero
567 1684 621 1725 de
644 1683 911 1737 quibusdam
931 1698 1102 1736 eorum,
1126 1685 1200 1739 qui
1222 1685 1306 1727 iam
1326 1685 1490 1741 recepti
1514 1693 1634 1739 sunt,
1656 1687 1716 1728 lo·
1763 1689 1766 1692 ’

89 1774 217 1814 quar,
246 1760 351 1802 facit
375 1759 572 1814 ipsorum
597 1760 782 1815 egregia
808 1761 964 1802 uirtus.
995 1762 1122 1803 Vnus
1146 1761 1265 1804 enim
1296 1777 1437 1804 annos
1464 1770 1595 1805 natus
1623 1762 1640 1787 b
1664 1775 1717 1805 20

91 1837 373 1888 adolescens,
396 1850 580 1891 genere,
616 1836 794 1894 opibus,
838 1838 1001 1887 forma,
1038 1852 1307 1892 morumque
1340 1838 1561 1893 probitate
1596 1853 1718 1894 prae-

88 1919 230 1966 stans,
259 1919 302 1954 et
330 1913 373 1953 in
401 1912 708 1967 philosophiae
730 1912 888 1954 studiis
922 1913 1195 1967 aliquamdiu
1231 1922 1452 1966 uersatus,
1480 1930 1583 1957 cum
1614 1916 1719 1957 hinc

93 1988 315 2043 frequenti
338 1996 720 2031 sacramentorum
740 2003 824 2031 usu
846 1990 903 2032 ad
928 1991 1222 2032 humanarum
1244 2005 1390 2033 rerum
1409 1999 1719 2047 contemptum

90 2072 135 2106 et
159 2064 388 2120 religionis
412 2079 608 2108 amorem
632 2065 910 2118 incitaretur,
943 2065 1047 2109 inde
1078 2066 1287 2109 inanibus
1316 2068 1583 2123 quibusdam
1608 2069 1719 2124 peri-

90 2141 217 2194 culis,
238 2156 352 2196 quae
370 2141 626 2183 huiusmodi
645 2141 849 2184 homines
867 2143 1093 2186 deterrere
1111 2144 1270 2195 solent,
1288 2145 1604 2199 retardaretur,
1623 2152 1718 2186 tan-

91 2218 192 2259 dem
233 2217 472 2272 aliquando
510 2218 779 2260 christianae
813 2219 1102 2273 perfectionis
1141 2220 1362 2262 desiderio
1400 2221 1716 2273 inflammatus,

92 2308 172 2336 sua
194 2301 355 2349 sponte
378 2308 425 2336 se
449 2301 555 2335 uoto
577 2295 879 2349 capessendae
897 2301 913 2319 ⁰
935 2295 1173 2338 Societatis
1191 2296 1443 2339 obstrinxit.
1472 2297 1587 2339 Cum
1613 2311 1720 2340 uero

90 2370 470 2413 animaduerteret
488 2385 536 2413 se
557 2377 653 2411 tuto
679 2372 846 2414 Romae
870 2371 1006 2426 recipi
1030 2386 1119 2413 non
1137 2387 1283 2427 posse,
1310 2372 1454 2427 coepit
1472 2374 1557 2415 hoc
1576 2374 1720 2416 consi-

94 2446 199 2488 lium
227 2454 273 2487 ut
298 2447 354 2488 ab
377 2447 499 2490 Vrbe
523 2447 577 2489 ad
595 2446 716 2488 aliud
734 2447 976 2502 collegium
995 2449 1369 2504 proficisceretur,
1391 2450 1465 2490 ubi
1491 2465 1609 2492 nunc
1633 2452 1718 2494 lae-

96 2522 291 2565 tissimus
315 2530 359 2566 et
382 2523 590 2565 omnibus
608 2537 688 2578 pro
705 2537 786 2565 sua
807 2523 972 2567 uirtute
996 2525 1279 2579 gratissimus
1302 2526 1410 2581 agit.
1446 2527 1511 2568 De
1540 2541 1622 2568 suo
1645 2527 1694 2568 iti
1714 2554 1717 2557 -

95 2613 199 2641 nere
229 2600 284 2641 ad
315 2598 589 2654 superiorem
614 2599 854 2643 Societatis
886 2600 1163 2656 perscripsit,
1196 2602 1404 2656 precibus
1432 2617 1483 2645 ac
1513 2603 1720 2658 lacrymis

92 2676 387 2729 contendens,
422 2682 469 2716 ut
494 2689 541 2718 se
566 2690 645 2730 pro
675 2675 765 2717 filio
789 2676 1022 2731 reciperet.
1057 2677 1104 2718 Id
1127 2691 1215 2732 quo
1240 2678 1413 2720 facilius
1436 2679 1714 2734 impetraret,

96 2758 214 2804 uota,
241 2765 354 2806 quae
378 2751 510 2806 paulo
534 2758 638 2793 ante
660 2760 944 2807 conceperat,
971 2753 1192 2808 descripta
1214 2754 1478 2798 transmisit.

186 2839 254 2880 32.
321 2827 449 2869 Alter
476 2828 561 2869 hoc
592 2841 674 2871 nec
704 2834 848 2871 aetate
879 2842 961 2870 nec
991 2829 1178 2871 caeteris
1207 2837 1393 2872 naturae
1424 2831 1717 2887 fortunaeque

167 3001 184 3017 a
231 2991 524 3026 deuiuntiuntur
543 3003 612 3026 ms.
668 2993 732 3019 —b
759 2998 869 3026 natos
891 3004 961 3028 ms,
1015 3002 1075 3019 —c
1103 2994 1366 3039 capescendae
1388 3007 1460 3030 ms.

228 3054 379 3082 POLANci
400 3061 656 3083 COMPLEMENTA
1544 3060 1578 3086 20
