1971 3276
568 226 705 260 EPIST.
746 233 896 269 110.—7
924 225 1140 261 Ocrossms
1171 225 1258 268 1564
1614 231 1678 266 49¹

96 342 142 369 re
167 341 355 381 possem,
380 326 459 369 sed
482 326 543 367 ita
567 325 762 368 Domino
793 325 976 380 placuit,
1012 333 1059 366 ut
1082 332 1124 366 et
1155 325 1249 379 ipse
1278 332 1321 366 et
1351 339 1432 365 nos
1460 337 1616 365 omnes
1646 324 1727 363 hac

94 403 226 446 etiam
251 402 536 445 hebdomada
568 409 663 443 tota
687 415 1003 444 exerceremus
1027 401 1231 442 molestia
1261 399 1484 454 malignae
1513 406 1557 442 et
1587 398 1723 440 conti—

96 493 212 521 nuae
242 478 377 520 febris
408 492 511 520 cum
542 493 593 520 ea
623 478 854 521 debilitate
883 477 1169 527 coniunctae,
1205 484 1251 518 ut
1282 489 1504 531 perpauca
1534 474 1727 518 remedia

96 555 229 596 etiam
251 554 505 610 peritissimi
531 555 671 596 totius
689 555 825 597 Vrbis
848 554 1007 596 medici
1025 553 1230 606 adhibiti,
1249 553 1287 596 ei
1312 552 1534 608 applicare
1559 554 1724 607 pot[u]-

96 631 227 673 erint.
254 630 420 674 Adhuc
443 631 558 674 inter
581 646 704 686 spem
729 638 773 673 et
797 639 965 673 metum
990 645 1237 682 uersamur3
1269 637 1313 672 et
1336 637 1512 685 praeter
1536 628 1726 670 medico·
1758 668 1763 673 .

98 722 193 749 rum
219 708 377 750 crebro
403 707 698 758 uenientium,
725 716 769 750 et
795 707 928 749 unius
959 715 1176 762 perpetuo
1199 705 1449 749 assistentis
1478 704 1656 759 auxilia,
1684 713 1726 746 et

96 785 288 826 fidorum
313 784 619 826 ministrorum
643 784 858 838 obsequia
882 799 933 826 ac
956 784 1130 835 solatia,
1157 783 1454 838 indigentium
1485 783 1724 824 multorum

95 860 228 903 etiam
255 860 534 902 orationibus
558 875 608 902 ac
632 861 864 903 sacrificiis
882 860 1082 915 quotidie
1105 860 1315 902 iuuenem
1339 860 1456 914 apud
1482 860 1626 901 Deum
1652 858 1724 899 iu-

96 950 202 980 uare
232 936 431 978 nitimur.
465 938 579 979 Cum
610 937 681 979 die
710 937 935 978 dominico
965 937 1166 992 proximo
1197 944 1297 991 post
1331 935 1658 978 confessionem
1683 942 1727 977 et

94 1027 265 1055 sacram
291 1014 656 1056 communionem
680 1021 935 1068 perceptam
959 1013 1168 1055 dominus
1191 1015 1389 1069 Joannes
1413 1021 1567 1066 optare
1590 1020 1606 1036 ²
1629 1025 1727 1054 sese

95 1089 394 1143 significasset
417 1090 472 1131 ad
496 1090 677 1131 domum
701 1090 868 1131 domini
887 1090 1075 1145 Georgii
1100 1089 1261 1131 Ticinii
1279 1089 1577 1143 commigrare,
1604 1102 1724 1129 cum-

97 1180 182 1220 que
206 1165 367 1208 medici
393 1167 635 1208 suaderent
667 1175 713 1207 ut
738 1167 1014 1209 adolescenti
1043 1167 1084 1208 id
1116 1167 1456 1217 concederetur,
1490 1165 1610 1219 quod
1641 1179 1721 1206 no—

96 1255 198 1285 cere
228 1257 316 1284 non
349 1251 515 1298 posset,
553 1250 597 1286 et
622 1245 734 1285 forte
766 1244 921 1286 iuuare
951 1243 1184 1298 potuisset,
1217 1242 1542 1292 consensimus;
1574 1242 1633 1283 ita
1664 1250 1725 1284 ta-

95 1333 196 1362 men
225 1327 271 1360 ut
295 1334 515 1374 expensas
539 1335 696 1362 omnes
718 1328 762 1362 et
786 1321 1063 1363 medicorum
1087 1327 1131 1363 et
1153 1319 1325 1375 aegroti
1349 1327 1393 1362 et
1418 1319 1610 1373 reliquas
1632 1319 1723 1360 sol-

97 1410 324 1450 ueremuS,
351 1404 394 1439 et
418 1397 703 1439 assistentem
731 1397 952 1439 medicum
978 1412 1028 1439 ac
1052 1397 1279 1439 ministros
1301 1412 1356 1438 ex
1387 1396 1550 1438 nostris
1575 1395 1723 1437 fratri-

97 1474 181 1514 bus
210 1488 298 1514 non
329 1474 701 1516 subtraheremus
732 1473 764 1525 b,
798 1474 901 1517 licet
930 1489 1018 1529 qua
1048 1474 1265 1515 charitate
1293 1473 1489 1528 oportuit
1518 1473 1562 1514 in
1592 1474 1724 1514 domo

96 1549 263 1590 domini
286 1550 474 1605 Georgii
504 1550 653 1592 omnia
678 1551 895 1605 obsequia
917 1561 962 1592 et
985 1550 1143 1592 solatia
1166 1557 1325 1605 egroto
1357 1551 1618 1593 offerantur.
1652 1549 1726 1591 Di-

96 1634 260 1679 gnetur
284 1626 436 1668 diuina
468 1627 644 1668 bonitas
674 1642 935 1682 prosperum
968 1641 1232 1669 successum
1262 1626 1500 1669 conatibus
1526 1626 1724 1667 omnium

98 1702 308 1753 tribuere,
346 1711 477 1757 prout
510 1704 565 1745 ad
598 1703 737 1758 ipsius
771 1703 976 1759 gloriam,
1013 1718 1064 1746 ac
1098 1703 1264 1746 domini
1282 1703 1471 1759 Joannis
1502 1717 1724 1744 summum

96 1786 418 1834 aeternumque
443 1780 610 1821 bonum
637 1780 865 1823 conuenit.
893 1781 997 1822 Hoc
1028 1780 1249 1834 intelligat
1274 1782 1328 1823 D.
1363 1781 1416 1822 V.
1441 1779 1579 1821 Illma.
1608 1780 1726 1832 quod

97 1854 205 1896 nihil
228 1855 477 1897 omittimus
500 1870 582 1898 nec
612 1856 872 1899 omittemus
901 1871 1057 1898 eorum
1087 1855 1385 1910 quae'iuueni
1415 1857 1626 1911 prodesse
1655 1856 1726 1897 uel

94 1930 138 1973 in
163 1932 319 1986 spiritu
347 1933 415 1975 uel
439 1932 483 1973 in
513 1947 698 1988 corpore
720 1934 1073 1988 cognouerimus
1103 1949 1182 1988 pro
1207 1933 1423 1976 tenuitate
1453 1932 1613 1991 uirium
1640 1947 1722 1973 no·-

95 2015 303 2059 strarum,
340 2016 383 2051 et
417 2009 452 2050 si
487 2009 664 2051 adesset
698 2011 754 2052 D.
794 2011 848 2052 V.
883 2010 1020 2053 lllma.
1056 2010 1127 2052 uel
1150 2009 1288 2064 ipsius
1318 2016 1455 2064 pater,
1481 2023 1571 2050 non
1596 2008 1728 2051 uideo

96 2084 201 2137 quid
231 2085 395 2128 addere
428 2085 740 2128 sollicitudinis
770 2100 821 2129 ac
850 2085 1110 2140 diligentiae
1143 2093 1311 2141 posset.
1342 2086 1726 2127 Commendamus

95 2174 176 2201 nos
199 2175 331 2214 quam
357 2161 621 2212 humillime,
648 2170 692 2205 et
716 2162 930 2216 obsequia
957 2172 1110 2205 nostra
1127 2162 1371 2206 deferimus
1390 2162 1446 2204 D.
1475 2163 1530 2204 V.
1558 2162 1723 2213 Illmae,

96 2250 227 2289 quam
264 2237 490 2279 Ecclesiae
513 2252 620 2280 suae
651 2240 774 2281 Deus
804 2238 1075 2281 incolumem
1108 2239 1184 2280 diu
1215 2246 1468 2281 conseruet.
1504 2239 1671 2280 Romae
1702 2248 1725 2290 7

100 2312 232 2358 Sbris.
267 2313 390 2366 1564.

186 2391 441 2444 Inscriptio.
470 2390 680 2432 Cardinal
704 2381 972 2435 varmiensei.

165 2562 182 2578 a
231 2553 366 2587 obtare
386 2565 456 2587 ms.
513 2555 575 2580 --b
602 2555 939 2588 substraheremus
960 2566 1034 2589 τηε.
