1971 3276
304 223 374 257 540
812 211 1001 245 POLANC1
1028 215 1344 244 COMPLEMENTA

258 313 538 368 probatione,
565 319 609 353 et
628 312 739 354 altre
761 325 883 363 cose,
909 324 1037 353 come
1066 309 1326 351 dell'effetto
1352 305 1518 361 meglio
1546 306 1630 348 che
1653 305 1709 346 da
1732 311 1890 358 questa

258 392 415 433 lettera
439 387 730 432 s'intendera.

347 468 386 509 8.
454 468 596 509 Moite
620 479 724 507 cose
747 466 832 507 che
862 465 902 505 la
931 462 1175 505 medesima
1206 459 1567 516 congregatione
1590 458 1771 513 general
1803 470 1891 498 non
1927 450 1930 454 ⁴

258 544 359 599 pote
384 543 526 597 finire,
565 551 609 585 et
638 544 677 584 16
701 539 1049 583 raccommando
1073 539 1114 581 al
1145 537 1372 594 preposito
1397 536 1626 591 generale,
1646 534 1691 576 in
1711 542 1838 589 parte
1857 533 1893 575 si

257 635 336 661 son
364 621 486 671 fatte,
506 634 633 661 come
653 619 675 661 ὲ
700 620 740 660 la
762 619 904 660 forma
928 617 1043 658 della
1068 615 1346 671 probatione,
1367 613 1395 654 il
1421 613 1552 654 modo
1575 611 1620 653 di
1642 610 1854 660 scriuere,
1882 610 1893 650 i

257 697 416 738 canoni
436 697 584 739 cauati
607 697 723 739 della
747 696 889 750 prima
912 692 1290 748 congregatione,
1318 690 1495 732 l’officio
1522 690 1593 730 del
1619 686 1895 743 prouinciaie

246 775 466 817 riueduto
485 782 528 815 et
553 772 833 823 abbreuiato,
856 780 898 814 et
923 773 964 814 16
985 770 1146 813 facolta
1166 768 1390 812 ordinarie
1408 769 1492 809 che
1515 782 1539 809 a
1558 764 1693 821 quelli
1712 765 1799 806 che
1817 765 1875 804 ha

258 865 458 894 ueranno
483 851 540 892 tal
564 850 713 892 officio
735 849 779 890 di
814 848 1090 904 prouinciale
1114 847 1150 889 si
1173 846 1341 896 danno,
1363 852 1487 900 parte
1507 844 1542 885 si
1568 856 1657 884 uan
1686 841 1892 889 facendo,

257 942 384 970 come
407 941 518 969 sono
542 926 707 968 diuersi
733 926 776 967 di
802 925 990 980 rettorii,
1017 933 1060 968 et
1084 924 1113 965 il
1137 923 1343 966 riuedere
1367 929 1411 964 et
1435 919 1701 962 abbreuiare
1731 917 1896 960 diuersi

258 1005 393 1046 vfficii
427 1012 470 1046 et
500 1005 669 1059 regole‚
697 1006 824 1046 come
849 1002 962 1045 costi
989 1002 1023 1044 si
1058 1000 1220 1044 uedera
1245 1015 1271 1042 a
1293 1014 1376 1042 suo
1405 1007 1572 1052 tempo,
1601 993 1899 1038 mandandosi

258 1082 300 1122 di
321 1096 452 1123 mano
470 1082 512 1122 in
532 1095 664 1122 mano
683 1081 786 1135 quel
804 1081 891 1123 che
914 1079 950 1121 si
973 1081 1073 1121 sara
1097 1078 1241 1131 finito,
1268 1090 1398 1119 come
1422 1075 1462 1116 al
1488 1081 1696 1129 presente
1720 1072 1756 1113 si
1775 1085 1896 1112 man-

259 1160 374 1200 dano
413 1159 573 1200 alcune
607 1171 711 1200 cose
746 1156 942 1198 toccanti
969 1171 992 1197 a
1017 1155 1275 1198 l’vniuersal
1298 1154 1414 1196 della
1449 1148 1748 1205 Compagnia3
1783 1147 1899 1190 nelle

259 1236 394 1290 quali,
421 1237 534 1277 oltra
558 1236 585 1276 il
610 1248 815 1290 gouerno
838 1233 1081 1284 ordinario,
1108 1232 1142 1273 si
1169 1239 1328 1273 truoua
1354 1230 1493 1271 molto
1515 1234 1737 1280 occupato
1763 1226 1819 1266 N.
1849 1225 1898 1265 Ρ.

260 1313 486 1366 generale,
514 1327 590 1367 per
613 1326 661 1355 se
683 1320 728 1353 et
755 1325 830 1365 per
848 1311 908 1365 gli
932 1309 1040 1351 aiuti
1066 1310 1153 1351 che
1180 1308 1224 1350 di
1253 1305 1530 1360 auantaggio
1560 1305 1600 1345 la
1639 1314 1896 1355 congrega-

262 1390 380 1431 tione
404 1389 466 1444 gli
491 1390 549 1431 ha
573 1390 693 1444 dato,
721 1397 765 1430 et
789 1386 953 1441 ch’egli
977 1386 1013 1427 si
1039 1387 1096 1426 ha
1122 1399 1253 1440 preso
1278 1398 1353 1438 per
1384 1384 1424 1424 la
1453 1379 1715 1424 esecutione
1746 1377 1789 1418 di
1820 1390 1901 1418 suo

263 1466 427 1509 officio.

350 1558 392 1599 o.
459 1542 506 1585 Si
546 1557 658 1584 sono
691 1554 905 1596 appresso
939 1546 1146 1581 ottenute
1180 1538 1254 1592 qui
1289 1537 1333 1577 in
1368 1537 1509 1577 Roma
1541 1533 1720 1576 diuerse
1759 1529 1902 1585 gratie

263 1621 380 1663 della
404 1620 509 1662 sede
533 1618 795 1674 apostolica,
820 1618 981 1659 alcune
1003 1617 1089 1658 che
1114 1615 1366 1670 importano
1390 1627 1468 1668 per
1498 1619 1614 1653 tutta
1644 1610 1685 1652 ia
1708 1609 1902 1662 Compa-

264 1699 387 1752 gnia,
414 1698 576 1738 alcune
594 1697 705 1737 altre
724 1710 801 1750 per
824 1695 1003 1737 diuerse
1023 1690 1254 1747 prouincie
1276 1697 1319 1733 et
1343 1687 1523 1743 collegii
1543 1686 1592 1739 14;
1614 1694 1659 1729 et
1678 1685 1722 1726 in
1742 1691 1904 1738 questo

265 1788 432 1829 genere
455 1774 582 1815 suole
607 1772 710 1814 farsi
736 1786 825 1813 non
850 1784 963 1826 poco
988 1771 1143 1821 frutto,
1169 1777 1213 1810 et
1237 1781 1389 1822 spesse
1415 1765 1535 1807 uolte
1563 1769 1799 1819 perpetuo,
1826 1774 1904 1815 per

266 1865 386 1894 esser
411 1851 484 1904 qui
510 1851 550 1891 la
575 1847 816 1891 residentia
840 1847 911 1888 del
933 1860 1105 1888 sommo
1130 1843 1368 1899 pontefice,
1395 1849 1438 1884 et
1464 1856 1540 1896 per
1566 1838 1729 1883 tenersi
1763 1838 1901 1880 bene-

268 1927 355 1969 uoli
380 1927 391 1967 i
417 1925 650 1981 principali
674 1924 888 1966 ministri.

361 2016 426 2046 10.
492 2003 539 2046 Si
562 2002 584 2045 ὲ
605 2003 817 2043 mandato
836 2007 998 2054 questo
1020 2012 1139 2040 anno
1162 1998 1298 2039 molta
1321 2003 1459 2050 gente
1482 1994 1599 2036 della
1620 1989 1904 2046 Compagnia

266 2080 310 2122 di
335 2081 475 2122 Roma
499 2093 523 2120 a
546 2078 724 2120 diuerse
750 2076 878 2131 parti,
905 2075 1147 2130 percioche
1170 2088 1304 2116 senza
1324 2073 1336 2113 i
1361 2071 1494 2114 Padri
1516 2073 1602 2113 che
1625 2070 1661 2111 si
1679 2082 1792 2110 sono
1816 2077 1902 2109 tor-

268 2157 359 2198 nati
383 2172 407 2198 a
433 2157 647 2198 mandare
670 2155 754 2196 alle
779 2152 1007 2208 prouincie
1031 2152 1179 2193 donde
1204 2164 1405 2194 uennero
1429 2164 1507 2204 per
1529 2148 1570 2189 la
1588 2144 1906 2200 congregatio-

268 2249 324 2277 ne
348 2234 572 2288 generale,
597 2233 681 2275 alle
705 2229 936 2286 prouincie
959 2228 1135 2270 d'ltalia
1157 2236 1202 2271 et
1226 2227 1379 2271 Sicilia
1408 2226 1444 2267 si
1468 2224 1745 2267 mandorono
1763 2221 1839 2276 pisi
1861 2221 1903 2263 di

269 2312 323 2352 So
345 2309 566 2365 suggetti‚
591 2316 635 2352 et
660 2308 724 2349 fra
748 2307 833 2351 essi
860 2305 932 2361 piet
956 2306 999 2347 di
1023 2306 1079 2347 60
1102 2304 1308 2360 operarii,
1341 2303 1415 2345 chi
1440 2310 1624 2351 rettore,
1651 2299 1722 2341 chi
1749 2297 1900 2353 predi-

270 2394 437 2438 catore,
475 2386 547 2428 chi
579 2385 855 2434 confessore,
887 2382 962 2424 chi
996 2384 1172 2435 lettore,
1204 2381 1279 2422 chi
1309 2379 1589 2431 coadiutore,
1626 2377 1666 2417 la
1699 2373 1907 2429 maggior

272 2474 395 2519 parte
418 2463 636 2505 studenti.
671 2463 717 2503 ln
749 2460 938 2503 Francia
962 2467 1005 2502 et
1035 2457 1282 2514 Aquitania
1306 2457 1342 2498 si
1373 2469 1485 2498 sono
1508 2452 1707 2496 mandati
1729 2464 1906 2506 appres-

270 2556 319 2582 so
350 2554 420 2594 30,
446 2548 490 2582 et
519 2538 645 2593 quasi
675 2537 778 2579 tutti
808 2536 1014 2592 operarii,
1039 2535 1154 2577 della
1178 2532 1376 2575 maniera
1406 2533 1492 2573 che
1516 2532 1574 2572 ho
1601 2530 1741 2578 detto,
1774 2540 1907 2569 senza

271 2616 421 2659 alcuni
442 2616 541 2658 altri
564 2617 649 2658 che
683 2615 726 2656 di
750 2614 860 2657 certi
883 2612 1068 2667 collegii
1089 2610 1260 2653 d'ltalia
1283 2610 1320 2652 si
1343 2623 1455 2652 sono
1484 2607 1631 2649 cauati
1657 2620 1733 2660 per
1761 2603 1907 2658 quelle

274 2693 518 2748 prouincie.
545 2694 593 2734 In
616 2690 860 2735 Germania
883 2690 919 2732 si
943 2703 1054 2731 sono
1078 2687 1275 2730 mandati
1302 2686 1377 2741 pisi
1399 2685 1443 2727 di
1467 2696 1542 2739 20,
1563 2683 1577 2724 i
1599 2682 1719 2737 quali
1742 2682 1798 2722 da
1820 2680 1907 2721 due

273 2784 298 2810 o
323 2777 386 2811 tre
410 2769 568 2811 scolari
591 2769 636 2810 in
661 2767 752 2823 poi,
776 2780 913 2809 erano
942 2764 1340 2808 medesimamente
1370 2777 1448 2818 per
1470 2762 1512 2804 lo
1534 2761 1610 2816 pisi
1628 2757 1836 2814 operarii;
1863 2762 1907 2798 et

330 2950 358 2968 ¹⁴
409 2950 542 2984 Plures
562 2961 610 2984 ex
632 2950 690 2984 his
710 2949 927 2984 indicantur
947 2959 967 2981 a
985 2947 1027 2983 P.
1060 2948 1306 2990 DELPLACE,
1330 2945 1524 2995 Synopsis
1548 2946 1729 2977 actorum
1749 2942 1907 2974 sanctae

274 3008 377 3042 sedis
396 3009 437 3042 in
457 3020 577 3042 causa
600 3008 807 3043 Societatis
817 3007 931 3052 Jesu,
953 3016 1040 3051 pag.
1061 3003 1106 3039 38
1125 3016 1208 3051 sqq.
