1971 3276
247 202 346 228 XVIII
807 192 995 228 POLANCI
1022 199 1339 227 COMPLEMENTA

200 325 349 352 causas
371 327 395 365 y
416 316 670 365 coniecturas
692 325 767 363 que
788 313 951 363 podreis
974 311 1160 359 alcancar
1188 323 1211 350 o
1240 323 1390 362 pensar
1411 322 1486 361 que
1508 310 1587 348 han
1609 310 1736 360 seydo
1767 322 1833 348 oc-

201 385 340 423 casion
363 396 438 435 que
459 388 547 423 esta
570 397 671 423 cosa
691 395 795 431 vaya
816 396 840 422 a
861 383 1172 422 deshazerse...»
1198 380 1239 420 ⁶².

287 497 330 550 e)
393 496 448 537 Et
478 495 764 538 meritissimo
793 508 902 537 sane
924 494 1027 549 jure
1061 506 1227 548 anceps
1257 499 1351 535 erat
1383 490 1603 546 Ignatius.
1637 491 1751 534 Nam
1787 499 1835 532 ut

200 578 355 625 postea
378 579 662 627 compertum
685 578 769 623 est,
797 570 910 615 aliae
932 577 1059 614 erant
1083 583 1246 612 causae
1276 567 1537 611 offensionis
1566 567 1709 610 ducis:
1737 567 1836 611 Lai-

200 642 300 684 nius
323 642 442 686 enim
465 657 541 685 eas
565 656 767 694 narrans,
794 642 906 685 nihil
930 654 1113 697 prorsus
1142 639 1310 682 indicat
1333 639 1389 682 de
1418 637 1600 680 monitis
1634 638 1832 680 Polanci.

199 719 277 760 sed
300 719 356 762 de
379 718 649 773 quibusdam
673 718 909 761 calumniis
932 731 1046 772 quae
1066 715 1245 758 Pistorii
1264 714 1444 758 auditae
1461 721 1605 765 erant;
1629 727 1837 769 quaeque

202 795 329 836 nobis
352 795 613 850 incognitae
636 803 741 838 sunt
766 794 818 837 ⁶³.

279 873 333 929 f)
394 872 534 926 quue
573 872 623 914 fit
652 872 836 914 omnino
867 870 1103 913 indubium
1136 868 1392 913 testimonio
1421 867 1632 911 Andreae
1670 866 1834 918 Frusii⁷

200 949 274 1003 qui
309 948 351 990 in
369 948 543 1003 judicio
568 948 938 1000 contradictorio,
974 947 1037 990 sic
1067 947 1237 998 dicam,
1263 946 1319 988 ad
1349 943 1575 1000 Ignatium
1604 958 1654 986 ea
1684 943 1839 986 scribit

200 1039 315 1079 quae
339 1025 453 1068 infra
477 1026 564 1081 (to,
592 1033 747 1068 annot.
781 1025 819 1081 1)
843 1024 1150 1080 producimus:

282 1144 332 1182 «ll
355 1145 460 1183 detto
484 1147 625 1196 signor
647 1144 780 1184 pietro
803 1145 865 1194 [de
888 1143 1056 1193 Toledo]
1084 1142 1258 1182 certifica
1280 1143 1384 1182 ch’el
1413 1143 1554 1194 signor
1575 1144 1677 1182 duca
1698 1145 1734 1179 et
1754 1141 1840 1181 altri

201 1215 292 1253 suoi
314 1227 418 1253 sono
441 1215 541 1253 bene
563 1214 758 1254 informati
781 1219 818 1254 et
839 1215 1006 1254 edificati
1029 1214 1132 1253 della
1154 1213 1416 1265 Compagnia,
1438 1218 1475 1252 et
1496 1213 1778 1265 specialmente
1800 1213 1839 1251 la

202 1286 368 1335 signora
390 1286 601 1332 duchezza‚
626 1286 685 1325 chi
708 1287 757 1325 ha
778 1287 926 1325 habuto
950 1288 1084 1337 piacer
1110 1287 1145 1325 di
1175 1287 1263 1337 quel
1285 1287 1355 1325 che
1383 1287 1435 1337 gli
1458 1288 1609 1325 scrisse
1630 1285 1738 1336 Mag.
1762 1283 1838 1322 Po-

200 1355 342 1393 lanco»
365 1352 407 1391 ⁶⁴.

289 1469 345 1521 g)
409 1466 470 1507 At
502 1474 650 1509 manet
682 1467 793 1509 ratio
822 1467 1074 1511 dubitandi:
1108 1483 1247 1523 quum
1276 1468 1464 1511 Frusius
1492 1467 1743 1522 supplicem
1784 1466 1836 1508 li-

205 1543 372 1586 bellum
397 1543 501 1584 duci
526 1557 604 1598 per
627 1544 725 1598 ejus
748 1545 1039 1588 secretarium
1063 1546 1245 1597 obtulit,
1280 1546 1526 1588 Polancum
1551 1543 1687 1586 nimio
1711 1544 1837 1585 ardo-

205 1633 251 1662 re
274 1618 458 1674 spiritus
482 1629 654 1662 motum
686 1621 851 1664 fatetur
880 1636 980 1664 cum
1014 1623 1130 1664 duce
1153 1623 1452 1677 alloquutum;
1480 1634 1594 1676 quae
1624 1634 1693 1663 res
1724 1634 1750 1662 a
1773 1634 1837 1662 re·

209 1696 464 1750 spondente
488 1696 583 1752 (qui
606 1696 703 1752 ipse
726 1699 817 1740 dux
841 1712 940 1742 esse
964 1698 1162 1752 videtur)
1191 1713 1368 1741 «error»
1395 1705 1599 1740 vocatur:

285 1814 372 1852 «Ha
395 1813 490 1853 fatto
514 1816 681 1866 qualche
703 1828 864 1855 errore»
897 1816 977 1866 (12,
1011 1831 1045 1856 n.
1074 1819 1094 1856 2
1118 1823 1154 1857 et
1176 1822 1308 1858 annot.
1328 1818 1384 1866 h),-

203 1939 361 1968 verum
386 1926 499 1968 haec
525 1926 577 1967 ad
606 1927 774 1969 monita
799 1928 1031 1971 referenda
1057 1929 1238 1971 minime
1261 1938 1382 1983 sunt,
1417 1937 1460 1970 et
1490 1928 1753 1983 explicanda
1783 1942 1839 1971 ex

205 2000 376 2043 ratione
401 2015 489 2056 qua
514 2003 740 2044 Polancus
764 2004 819 2046 de
843 2005 1034 2059 collegio
1058 2007 1296 2047 condendo
1314 2020 1416 2047 cum
1442 2006 1557 2048 duce
1579 2005 1688 2060 egit,
1717 2018 1837 2046 man-

201 2077 351 2120 dantis
377 2078 539 2132 Ignatii
565 2079 824 2123 facultatem
851 2082 1090 2124 excedens
1123 2083 1187 2123 En
1213 2090 1355 2124 totum
1381 2082 1564 2124 crimen.

293 2154 340 2205 lz)
405 2156 541 2209 Quod
571 2155 666 2210 ipse
698 2157 925 2199 Polancus
958 2159 1201 2200 confitetur
1233 2159 1339 2199 dum
1371 2159 1550 2200 nomine
1588 2157 1751 2213 Ignatii
1785 2158 1839 2200 ad

257 2290 286 2309 ‘³²
338 2290 452 2335 Ibid.‚
472 2299 554 2336 457.

256 2350 286 2369 03
337 2350 459 2385 βαίη.
502 2351 698 2392 Μοηιιηι.,
730 2351 761 2393 Ι,
798 2360 857 2395 75:
895 2364 974 2386 rem
1011 2353 1062 2386 ita
1102 2364 1253 2396 vagam,
1292 2358 1330 2386 et
1364 2363 1451 2387 cum
1478 2352 1562 2386 aliis
1590 2351 1839 2396 implicatam,

202 2408 374 2454 ineptum
393 2409 570 2444 ducimus
591 2411 864 2445 transcribere.
886 2411 1076 2446 Consulas
1097 2412 1128 2446 si
1161 2418 1283 2447 vacat.
1315 2412 1375 2448 Cf.
1408 2418 1446 2446 et
1480 2412 1658 2446 Monam.
1685 2411 1837 2457 Ignat„

203 2479 276 2503 ser.
302 2467 366 2512 13⁵,
386 2468 417 2512 Ι,
439 2476 520 2512 717,
543 2481 658 2515 quem
681 2471 805 2504 locum
827 2470 951 2505 adhuc
972 2472 1111 2505 iterum
1133 2471 1380 2515 agitabimus.

259 2526 287 2546 Μ
338 2528 437 2563 Litt.
460 2528 691 2570 Quadmssnz„
715 2528 745 2573 Ι,
768 2528 829 2563 38.
858 2530 1000 2564 Verum
1022 2536 1081 2564 est
1107 2530 1250 2576 scripta
1269 2541 1356 2564 esse
1376 2529 1608 2564 documenta
1634 2528 1838 2575 quaedam,

202 2585 342 2620 similia
364 2598 519 2631 prorsus
540 2587 585 2621 iis
604 2599 703 2633 quae
732 2587 916 2631 diximus,
938 2594 975 2623 et
1003 2588 1091 2623 duci
1117 2588 1324 2633 destinata3
1353 2588 1422 2623 sed
1451 2588 1607 2622 minime
1627 2586 1839 2633 putandum

204 2652 263 2679 est
282 2657 326 2679 ea
347 2645 435 2679 data
457 2645 633 2691 principi,
655 2658 771 2692 quum
793 2647 929 2682 nullibi
950 2646 997 2681 de
1018 2648 1088 2682 hoe
1109 2648 1253 2683 mentio
1271 2647 1350 2682 fiat.
1379 2647 1640 2693 Reperiuntur
1664 2651 1842 2690 autogra-

204 2705 275 2749 pha
296 2704 467 2746 Polanci,
488 2704 609 2739 nitide
629 2711 799 2749 exarata,
822 2706 859 2740 in
879 2706 1012 2740 codice
1041 2707 1229 2744 Instruct,
1259 2707 1426 2753 I(quem
1454 2705 1691 2751 descriptum
1719 2705 1839 2738 habes

205 2763 243 2797 in
262 2764 446 2798 Μοιιιιιιι.
473 2764 620 2809 lgnat„
643 2776 718 2799 ser.
745 2766 808 2808 ῖ.“,
828 2764 858 2808 Ι,
881 2764 938 2809 36,
970 2765 1127 2800 «Codex
1159 2767 1240 2810 12»)
1268 2775 1288 2800 2
1307 2765 1354 2800 ff.
1379 2765 1423 2800 28
1449 2770 1488 2799 et
1516 2773 1574 2809 29,
1605 2764 1709 2810 prius
1737 2764 1781 2797 26
1799 2769 1838 2797 et

203 2830 260 2865 27,
281 2833 442 2867 quorum
461 2823 620 2857 alterius
641 2835 727 2868 pars
748 2823 907 2858 inferior
926 2824 1088 2859 discissa
1108 2830 1181 2868 est3
1202 2836 1246 2860 ac
1266 2825 1421 2859 titulum
1441 2824 1586 2858 habent
1605 2823 1642 2857 in
1662 2823 1717 2866 4.·
1733 2823 1837 2867 pagi-

203 2892 250 2915 na
269 2880 443 2915 «ricordo
462 2881 549 2916 dele
568 2893 658 2916 cose
677 2883 748 2917 che
768 2883 915 2917 Siliano
930 2895 950 2917 a
968 2883 1049 2918 dire
1065 2885 1134 2918 ala
1151 2885 1384 2919 Excellenza
1398 2883 1459 2917 del
1476 2882 1600 2917 ducha
1619 2881 1666 2916 de
1684 2881 1838 2915 Fioren-

204 2950 283 2973 za».
307 2938 407 2973 Nota
429 2950 519 2973 vero
537 2940 576 2973 τὸ
596 2952 639 2974 «a
658 2940 779 2977 dire»:
801 2953 937 2987 reapse
956 2954 1004 2976 ex
1024 2948 1211 2977 contextu
1238 2948 1344 2988 patet
1363 2953 1439 2976 non
1466 2943 1609 2986 scripto
1628 2940 1697 2975 sed
1717 2940 1839 2974 verbo

204 2998 346 3032 fuissse
368 2997 564 3034 tradenda.
