1971 3276
617 185 752 218 EpisT.
785 191 961 226 ιο4.-ι4
991 183 1099 226 JULu
1132 184 1218 224 1504
1619 186 1688 221 477

100 295 248 332 rentes
274 287 495 336 ferebant,
521 285 593 326 hic
616 283 805 326 aliorum
829 283 1035 336 exemplo
1058 280 1267 333 modesti,
1304 279 1545 333 diligentes
1577 287 1619 320 et
1644 292 1734 319 mo-

96 365 351 408 deratorum
378 375 560 404 suorum
585 359 718 401 iussis
749 360 1111 413 obtemperantes
1140 357 1353 399 euadant.
1391 357 1540 410 Quam
1565 355 1619 396 ad
1644 368 1734 395 rem

98 455 201 483 curn
224 439 463 494 generales
488 436 813 488 confessiones,
841 442 886 478 et
910 448 978 485 ea,
1013 448 1128 488 quae
1153 433 1400 488 spiritualia
1423 431 1635 474 exercitia
1659 444 1734 471 uo-

99 531 269 569 camus,
298 525 390 557 tum
431 515 712 567 frequentem
750 517 1131 553 sacramentorum
1163 524 1293 552 usum
1318 523 1406 550 non
1432 506 1738 551 medriocriter

99 594 306 636 conferre
348 599 526 634 certum
557 596 640 631 est.
675 587 899 643 Quamuis
927 587 1045 630 enim
1081 586 1273 641 singulis
1302 592 1475 627 tantum
1510 583 1738 626 mensibus

99 669 302 712 confiteri
327 676 371 710 et
398 665 737 709 communicare
762 671 1018 714 teneantur,
1040 678 1128 705 non
1154 662 1283 717 pauci
1303 670 1451 704 tamen
1474 660 1669 715 saepius,
1695 668 1737 702 et

104 759 157 788 ex
183 743 480 787 nobilioribus
504 742 630 784 multi
655 741 700 783 id
723 748 885 783 octauo
909 754 1088 795 quoque
1106 739 1178 781 die
1196 738 1533 793 religiosissime
1552 736 1735 779 faciunt.

101 823 275 865 Omnes
294 827 524 876 praeterea
550 818 618 859 bis
646 816 847 872 quotidie
871 831 1010 868 orare,
1036 831 1218 859 mensae
1241 830 1342 857 cum
1366 822 1433 857 est
1458 828 1572 869 opus
1594 813 1736 855 inser-

105 898 215 948 uire,
245 911 440 947 uerrere,
469 896 610 938 lectos
636 902 854 944 sternere,
879 901 924 935 et
942 893 987 935 id
1009 907 1156 947 genus
1179 892 1281 942 alia,
1309 899 1514 946 prompto
1537 898 1580 933 et
1604 889 1739 931 alacri

104 975 253 1016 animo
278 980 502 1028 praestare
527 972 686 1014 solent.
715 972 810 1012 Nec
834 970 998 1012 desunt
1021 969 1246 1011 interdum
1271 968 1344 1021 qui
1375 967 1547 1022 seipsos
1570 966 1642 1008 uel
1667 979 1740 1019 pa—

107 1053 193 1094 lam
217 1051 288 1093 uel
307 1055 480 1091 secreto
501 1046 771 1090 uerberandi
790 1053 1055 1101 potestatem
1074 1045 1404 1099 quodammodo
1423 1050 1736 1097 extorqueant.

107 1130 260 1182 Quare
283 1127 326 1167 in
350 1140 448 1168 earn
472 1138 597 1179 spem
626 1123 847 1174 uenimus,
875 1137 964 1163 non
988 1122 1225 1164 defuturos
1250 1121 1325 1174 qui
1349 1136 1403 1163 ex
1434 1119 1502 1161 his
1524 1119 1738 1160 virtutum

106 1203 353 1247 seminibus
392 1203 534 1244 laetos
571 1207 615 1242 et
655 1201 819 1242 uberes
863 1199 1105 1253 aliquando
1139 1199 1313 1239 fructus
1346 1203 1602 1252 procreent;
1637 1209 1738 1237 cuni

112 1279 343 1335 presertim
375 1279 448 1320 hic
479 1278 641 1319 multos
671 1276 930 1319 erudiamus
960 1275 1228 1329 optimatum
1262 1280 1305 1316 et
1339 1273 1576 1315 illustrium
1614 1272 1740 1323 filios,

112 1365 156 1399 et
178 1355 470 1398 cardinalium
502 1354 780 1407 aliorumque
810 1352 1059 1395 antistitum
1088 1361 1291 1406 nepoteS,
1324 1350 1400 1405 qui
1429 1350 1473 1392 in
1498 1349 1649 1404 aliquo
1680 1349 1740 1390 di-

116 1433 300 1489 gnitatis
324 1440 459 1486 atque
482 1430 663 1473 honoris
686 1430 828 1485 gradu
848 1428 1073 1479 collocati,
1094 1429 1214 1483 quod
1233 1428 1276 1469 in
1298 1442 1345 1470 se
1364 1426 1469 1469 boni
1492 1427 1739 1473 habebunt,

113 1509 210 1553 aliis
242 1509 374 1552 facile
403 1506 739 1550 communicare
773 1512 998 1560 poterunt.
1031 1505 1167 1559 Quod
1198 1518 1306 1546 uero
1339 1504 1394 1546 ad
1428 1504 1656 1546 literarum
1691 1516 1742 1542 ac

115 1586 347 1628 doctrinae
369 1584 519 1626 studia
544 1582 752 1638 pertinet,
781 1589 955 1636 praeter
978 1581 1182 1623 assiduas
1204 1581 1248 1622 in
1273 1580 1440 1622 scholis
1463 1579 1744 1623 exercitatio-

113 1678 208 1714 nes,
245 1662 366 1704 domi
399 1660 599 1715 quotidie
625 1660 832 1715 singulae
860 1659 1026 1700 classes
1055 1666 1280 1713 repetunt.
1315 1656 1563 1699 Dominicis
1593 1663 1741 1697 autem

113 1746 157 1781 et
183 1737 471 1781 relaxationis
494 1737 669 1787 diebus,
698 1735 969 1790 philosophi,
997 1737 1214 1785 rhetores,
1237 1741 1280 1777 et
1304 1748 1386 1775 suo
1410 1747 1589 1788 quoque
1611 1733 1745 1773 modo

116 1814 415 1870 grammatici,
445 1813 664 1868 praefixas
687 1820 791 1854 ante
815 1810 1086 1854 assertiones
1115 1811 1361 1865 disputan&
1389 1823 1527 1863 seque
1550 1809 1594 1849 in
1619 1822 1719 1849 com

113 1891 332 1948 ponendis
358 1890 566 1933 uersibus
591 1896 820 1932 exercent.
849 1890 903 1930 Et
929 1887 1004 1942 qui
1030 1887 1279 1929 rhetoricae
1303 1887 1503 1939 student,
1530 1900 1634 1927 suas
1658 1885 1746 1939 ple-

115 1981 303 2021 rumque
336 1966 563 2008 orationes
587 1965 632 2006 in
665 1963 930 2006 coenatione
960 1963 1172 2013 recitant,
1199 1970 1276 2004 aut
1305 1962 1519 2004 memoria
1551 1975 1745 2016 pronun-

115 2043 242 2087 tiant.
271 2044 402 2098 Quae
424 2042 573 2084 omnia
599 2048 645 2084 ut
669 2040 914 2083 ardentiori
933 2040 1082 2082 studio
1102 2040 1225 2090 fiant,
1249 2039 1538 2094 segnioribus
1557 2037 1748 2092 ignomi-

115 2120 218 2163 niae
242 2133 380 2161 causa
404 2117 663 2171 nominatis,
691 2117 932 2171 diligentes
956 2117 1107 2170 aliquo
1131 2131 1155 2158 a
1178 2123 1351 2159 rectore
1383 2115 1577 2169 praemio
1602 2122 1645 2156 et
1671 2115 1748 2154 ho-

119 2182 429 2251 nore⁵13ublice
453 2195 729 2236 afficiuntur.
764 2195 840 2234 Est
871 2193 1003 2236 etiam
1036 2192 1277 2235 exercendi
1309 2190 1631 2244 recreandique
1656 2190 1748 2231 ani—

114 2273 172 2314 mi
199 2273 347 2327 gratia
365 2273 421 2314 ab
440 2255 608 2314 eisdem
628 2271 712 2312 sub
731 2271 864 2313 finem
886 2269 1280 2311 bacchanaliorum
1301 2275 1480 2322 peracta
1500 2266 1745 2320 tragoedia,

117 2349 247 2391 cuius
274 2356 321 2389 ut
352 2356 447 2391 erat
480 2353 796 2402 argumentum
828 2347 883 2388 ad
913 2346 1187 2388 mouendum
1218 2343 1749 2393 accommodatissimum,

116 2425 178 2467 sic
197 2424 396 2479 dignitas
416 2433 616 2466 actorum
636 2430 679 2465 et
701 2436 892 2465 scaenae
913 2422 1049 2463 totius
1073 2419 1547 2475 magnificentissimus
1565 2433 1746 2473 appara>

119 2510 190 2543 tus
213 2501 402 2543 maxime
426 2499 682 2542 delectauit.
710 2499 864 2553 Itaque
889 2499 1097 2551 quamuis
1124 2505 1206 2547 ter,
1235 2503 1279 2537 et
1302 2495 1414 2536 intra
1441 2495 1750 2550 germanicum

117 2578 357 2632 collegium
386 2577 593 2618 confecta
618 2575 690 2627 sit,
717 2589 894 2629 semper
929 2582 1092 2626 tamen,
1121 2580 1295 2627 praeter
1320 2571 1568 2614 cardinales
1593 2579 1636 2613 et
1661 2571 1750 2626 epi-

118 2668 292 2708 scopos,
321 2660 444 2694 tanta
470 2651 686 2694 confluxit
711 2650 862 2705 populi
888 2649 1145 2699 multitudo,
1176 2656 1222 2689 ut
1248 2648 1402 2688 ultimo
1425 2647 1496 2689 die
1522 2648 1639 2691 fores
1663 2649 1752 2689 col-

119 2729 223 2784 legii
250 2728 611 2772 deturbauerint.

207 2817 276 2848 20.
346 2804 582 2857 Reliquum
606 2811 700 2845 erat
725 2811 772 2843 ut
797 2801 964 2855 aliquid
983 2802 1070 2842 hoc
1089 2802 1187 2841 loco
1206 2801 1261 2842 de
1280 2799 1528 2855 tyburtino,
1553 2801 1725 2841 tuscula

119 2896 176 2923 no
199 2888 244 2923 et
267 2881 466 2923 amerino
489 2879 692 2932 collegiis
715 2879 929 2928 dicerem;
956 2877 1035 2918 sed
1059 2890 1332 2931 quamquam
1352 2876 1459 2918 alias
1487 2876 1626 2916 multa
1648 2891 1748 2929 per-

119 2958 283 3011 scripta
321 2964 426 2998 sunt
458 2957 513 2998 de
549 2969 791 3010 progressu
830 2964 873 2996 et
914 2966 1100 2996 numero
1140 2952 1478 3006 discipulorum,
1513 2953 1567 2994 de
1605 2953 1751 2992 fructu
