1971 3276
268 209 336 244 332
786 211 974 247 POLAncl
1001 221 1319 248 COMPLEMENTA

223 311 632 366 braunsuigcenses
662 313 706 354 in
731 312 926 356 Saxonia
954 312 1040 354 iam
1076 313 1245 367 aliquot
1276 327 1331 355 ex
1355 313 1520 355 nostris
1552 314 1607 356 ad
1633 329 1680 357 se
1702 329 1866 358 uocare

223 398 485 443 coeperunt,
513 389 794 444 cupiuntque
818 403 1102 444 summopere
1128 391 1266 432 multa
1286 399 1465 432 nostrae
1492 391 1710 434 Societati
1732 394 1862 436 colle<

223 464 297 519 gia
320 465 363 506 in
388 465 480 507 suis
501 465 762 507 ciuitatibus
781 465 972 520 erigere,
995 466 1303 509 existimantes
1323 468 1492 508 nullam
1512 481 1611 509 esse
1629 468 1864 511 certiorem

224 541 528 584 restituendae
556 542 786 597 religionis
810 542 853 583 in
887 542 972 584 illis
1001 543 1177 598 populis
1209 543 1343 594 uiam,
1377 558 1511 598 quarn
1542 544 1577 585 si
1608 553 1864 587 nostrorum

223 632 356 672 opera
381 619 434 660 ad
459 633 557 661 eam
581 633 673 660 rem
700 626 902 660 utantur.
936 620 1031 661 Nec
1061 633 1203 674 pauca
1228 620 1271 661 in
1296 620 1521 672 Flandria‚
1555 635 1638 664 nec
1662 621 1863 673 minoris,

226 702 272 734 ut
295 709 542 748 speramus,
569 695 774 737 utilitatis
799 695 989 751 collegia
1014 704 1243 750 parantur.

313 782 382 826 29.
451 773 519 813 De
551 772 798 815 reverendo
826 774 960 814 Patre
994 780 1150 815 nostro
1181 773 1400 830 generali,
1428 775 1557 817 cuius
1581 775 1624 817 in
1644 777 1865 830 synodum

225 847 512 889 tridentinam
536 848 777 899 aduentus,
807 856 854 890 ut
882 849 1203 904 optatissimus,
1224 850 1283 892 ita
1303 865 1496 905 magnae
1516 852 1613 894 siue
1636 851 1680 893 in
1705 852 1862 894 dicen-

225 925 280 965 da
303 925 542 979 sententia,
568 925 665 967 siue
688 925 732 966 in
757 925 1087 977 concionando,
1115 926 1298 969 utilitati
1322 927 1420 979 fuit,
1442 928 1590 983 deque
1608 928 1703 970 aliis
1728 928 1863 983 patri-

225 1002 325 1052 bus,
355 1001 430 1055 qui
454 1016 555 1043 cum
581 1002 655 1044 illo
679 1002 882 1045 Tridenti
905 1011 1065 1058 agunt,
1094 1004 1176 1047 etsi
1200 1004 1340 1047 multa
1363 1004 1449 1046 dici
1474 1013 1678 1059 possent,
1705 1019 1869 1059 resque

225 1078 280 1119 ab
311 1078 418 1133 ipsis
448 1089 600 1133 gestas
629 1093 733 1121 cum
764 1080 883 1134 apud
914 1095 996 1122 nos
1026 1088 1229 1135 agerent,
1261 1081 1458 1124 scribere
1489 1095 1570 1123 nos
1601 1082 1864 1133 soleremus,

227 1168 347 1196 nunc
371 1154 414 1197 id
434 1155 490 1196 ad
516 1163 715 1198 nostram
744 1170 895 1198 curam
922 1156 1145 1211 pertinere
1177 1172 1268 1199 non
1298 1158 1584 1201 arbitramur.
1612 1157 1868 1213 Accepistis

227 1239 334 1285 puto
367 1233 477 1274 haec
509 1232 594 1274 iam
626 1247 680 1274 ex
716 1233 916 1288 epistolis
947 1233 1224 1285 tridentinis,
1257 1242 1334 1276 aut
1365 1235 1571 1289 accipere
1600 1242 1724 1278 certe
1762 1234 1867 1276 inde

226 1303 507 1345 commodius
533 1303 734 1358 potestis.

315 1393 385 1433 30.
452 1381 541 1422 lam
561 1381 616 1423 de
635 1380 826 1435 collegio
845 1381 1120 1436 germanico,
1140 1396 1365 1436 quamque
1385 1383 1472 1424 late
1494 1390 1644 1437 pateat
1668 1397 1723 1425 ex
1746 1382 1866 1424 illius

226 1456 475 1499 iuuentutis
505 1457 804 1508 institutione,
837 1472 927 1499 non
967 1472 1042 1512 per
1075 1457 1244 1500 Italiam
1275 1459 1436 1509 solum,
1469 1459 1548 1501 sed
1578 1472 1658 1513 per
1691 1466 1868 1501 exteras

226 1532 358 1575 etiam
384 1542 545 1587 gentes
571 1535 797 1588 praeclara
820 1534 874 1577 de
898 1533 1124 1577 Societate
1148 1535 1267 1589 apud
1290 1549 1490 1577 summos
1515 1534 1636 1577 uiros
1660 1536 1865 1590 (quorum

226 1609 302 1650 filii
335 1617 412 1651 aut
442 1618 627 1664 nepotes
652 1619 831 1654 nostrae
862 1625 997 1654 curae
1022 1620 1129 1653 sunt
1158 1612 1415 1666 commissi),
1441 1611 1729 1663 existimatio,
1762 1625 1865 1653 cum

225 1686 332 1728 alias
355 1687 569 1741 scriptum
596 1687 668 1738 sit,
698 1687 740 1728 id
767 1689 899 1729 modo
925 1688 1069 1730 solum
1097 1688 1258 1740 dicam,
1286 1689 1408 1731 cerni
1429 1689 1618 1730 maiores
1636 1688 1680 1729 in
1704 1688 1798 1731 dies
1821 1689 1864 1730 in

226 1763 297 1804 illa
319 1763 555 1805 iuuentute
574 1772 618 1808 et
639 1764 681 1805 in
703 1764 862 1806 litteris
880 1773 925 1807 et
943 1765 987 1806 in
1006 1765 1249 1807 christiana
1269 1766 1435 1820 pietate
1454 1780 1737 1821 progressus,
1759 1779 1863 1807 cum

227 1840 478 1894 plaerisque
502 1855 594 1882 non
617 1841 725 1883 satis
747 1840 819 1891 sit,
846 1856 900 1883 ex
920 1841 1037 1883 illius
1055 1842 1233 1895 collegii
1254 1842 1672 1893 constitutionibus,
1698 1843 1833 1897 singu
1853 1867 1861 1872 ·

227 1915 279 1957 lis
323 1916 576 1971 quibusque
623 1918 854 1959 mensibus
897 1926 1176 1960 sacramenta
1220 1920 1528 1972 frequentare,
1570 1919 1649 1961 sed
1688 1919 1866 1973 saepius

226 1993 359 2036 etiam
394 1993 437 2034 id
473 1994 653 2036 faciant.
690 1995 891 2037 Numero
925 2009 1033 2037 uero
1056 2004 1161 2036 sunt
1186 2009 1322 2044 nunc,
1361 2009 1494 2049 quam
1528 2004 1661 2038 antea
1693 2002 1861 2046 essent,

228 2069 410 2123 maiore,
440 2078 489 2112 ut
514 2070 598 2113 iam
625 2078 921 2113 numerentur
949 2078 1132 2114 centum
1162 2071 1341 2126 uiginti,
1369 2079 1543 2126 praeter
1567 2079 1762 2122 nostros,
1790 2071 1865 2125 qui

226 2146 401 2188 illorum
427 2161 578 2189 curam
609 2148 795 2190 habent.
822 2147 1038 2190 Germani
1062 2156 1165 2190 sunt
1193 2159 1263 2203 27,
1298 2148 1455 2202 reliqui
1487 2147 1640 2190 maiori
1663 2162 1718 2189 ex
1742 2155 1865 2202 parte

225 2223 334 2277 itali,
357 2224 565 2279 quamuis
587 2223 721 2267 etiam
749 2223 886 2278 aliqui
904 2224 992 2266 sint
1017 2225 1187 2279 poloni,
1215 2225 1342 2276 scoti,
1365 2225 1503 2280 angli,
1526 2224 1648 2279 galli,
1670 2224 1861 2279 hispani;

226 2316 280 2345 ex
300 2301 464 2354 quibus
483 2300 610 2342 multi
628 2308 734 2343 sunt
758 2300 1016 2343 clarissimis
1038 2301 1216 2343 familiis
1242 2303 1341 2345 orti.
1368 2303 1497 2345 Vnde
1522 2303 1616 2343 fore
1633 2314 1865 2355 speramus

226 2387 274 2420 ut
304 2377 500 2420 euadant
530 2377 658 2419 multi
689 2377 733 2418 in
764 2391 964 2419 summos
995 2378 1065 2419 uel
1096 2378 1365 2419 familiarum
1392 2379 1463 2422 uel
1495 2391 1642 2419 rerum
1663 2377 1861 2432 publica-

224 2468 321 2496 rum
345 2454 745 2497 administratores.
774 2453 894 2508 Quia
914 2467 1021 2495 uero
1050 2453 1091 2496 ei
1116 2454 1380 2496 habitationi
1406 2468 1539 2509 quarn
1563 2453 1650 2496 iam
1675 2454 1863 2505 habent,

226 2545 325 2585 pars
343 2531 481 2572 altera
506 2530 655 2585 palatii
678 2530 883 2583 accessit,
907 2544 1022 2584 quae
1053 2531 1187 2574 aedes
1210 2531 1473 2586 quingentis
1498 2530 1643 2572 aureis
1668 2529 1866 2571 nummis

226 2607 268 2648 in
292 2607 498 2661 singulos
520 2622 664 2649 annos
694 2607 1030 2658 conducuntur,
1052 2608 1195 2649 multo
1215 2621 1336 2649 nunc
1356 2609 1504 2662 plures
1523 2607 1568 2648 in
1591 2607 1686 2650 dies
1709 2619 1862 2648 accur-

224 2692 346 2739 runt,
368 2691 618 2738 curantque
640 2683 865 2739 principes
888 2683 1015 2725 multi
1042 2683 1124 2725 uiri
1148 2684 1351 2727 certatim
1376 2684 1540 2726 liberos
1558 2697 1665 2725 suos
1690 2683 1761 2724 uel
1786 2696 1858 2724 ne-

226 2768 371 2813 potes,
397 2761 504 2802 dum
527 2761 654 2803 locus
677 2768 900 2815 superest,
928 2759 1056 2802 nobis
1081 2760 1273 2804 tradere.

315 2848 385 2889 31.
453 2838 520 2878 De
543 2835 758 2887 amerino,
787 2836 1025 2878 tusculano
1048 2843 1092 2879 et
1119 2835 1348 2890 tyburtino
1371 2835 1590 2890 collegiis,
1613 2848 1728 2889 quae
1752 2840 1858 2874 sunt

225 2911 403 2966 collegii
428 2912 563 2954 huius
586 2913 802 2967 membra,
828 2912 884 2954 sit
907 2912 1015 2954 satis
1039 2912 1082 2954 id
1105 2913 1149 2954 in
1174 2927 1341 2968 genere
1364 2912 1548 2964 dixisse,
1575 2925 1688 2966 quae
1711 2910 1861 2954 Socie-

226 2987 328 3029 tatis
345 2995 450 3030 sunt
469 3002 654 3030 munera
672 2989 870 3044 propria,
895 2988 1218 3041 confessiones,
1238 2988 1501 3043 conciones,
1524 2986 1853 3030 institutionem
