1971 3276
551 237 685 270 Eprsr.
713 234 866 279 72.—31
894 236 1140 269 DEcEMssms
1165 236 1246 277 1561
1612 233 1677 268 283

95 336 288 378 scribere
311 349 409 377 sum
427 335 598 390 jussus,
626 335 819 390 primum
845 342 894 377 ut
920 335 1154 377 laudabilis
1177 334 1415 377 Societatis
1440 334 1721 375 consuetudo

94 420 313 465 seruetur,
340 411 503 454 deinde
526 426 581 453 ne
600 411 726 453 multi
750 412 1076 454 defraudentur
1095 409 1410 453 honestissima
1433 410 1506 451 illa
1529 417 1572 452 et
1597 409 1720 464 spiri-

98 488 203 530 tuali
227 489 475 543 uoluptate,
509 502 641 542 quam
674 488 931 542 hujusmodi
968 488 1142 531 litterae
1175 488 1333 530 afferre
1367 496 1720 537 consueuerunt3

96 564 213 619 quod
233 564 411 618 quidem
438 565 595 607 fratres
613 564 689 618 qui
714 564 786 606 hic
813 572 916 606 sunt
935 564 1042 606 satis
1069 563 1376 618 experiuntur,
1406 564 1510 604 dum
1537 562 1721 604 aliorum

94 640 386 695 collegiorum
428 640 601 683 litterae
642 641 818 695 publice
856 640 1125 691 recitantur3
1170 647 1263 681 tum
1303 646 1347 681 ut
1386 638 1638 680 animorum
1679 639 1721 679 in

96 716 277 758 Christo
307 717 565 759 coniunctio
595 724 639 759 et
664 718 858 759 fraterna
892 717 1090 759 charitas
1122 717 1388 767 retineatur;
1424 723 1649 771 postremo
1674 726 1720 756 ut

96 794 324 835 ueneratio
347 801 391 835 et
420 795 569 835 cultus
588 801 810 848 augeatur
829 794 1099 836 sanctissimi
1118 793 1459 849 nominisJEsv,
1482 793 1553 834 cui
1574 800 1621 833 ut
1641 792 1720 833 bo-

94 883 251 910 norum
270 869 469 911 omnium
493 870 663 912 auctori
688 885 767 925 pro
791 870 859 912 his
885 870 1094 912 omnibus
1117 870 1289 925 gratiae
1314 876 1508 923 agantur
1533 876 1575 911 et
1600 869 1721 909 debi-

96 952 166 987 tus
184 946 326 987 honor
349 954 392 988 et
416 946 557 1001 gloria
588 946 825 990 tribuatur.
862 948 924 989 Ea
948 947 1086 1002 igitur
1118 949 1222 1003 (non
1245 956 1390 989 tamen
1416 946 1584 1000 Omnia)
1609 960 1721 999 quae

96 1030 194 1076 post
219 1024 269 1064 R.
300 1024 350 1064 Ρ.
374 1023 512 1064 nostri
532 1024 756 1078 generalis
775 1037 879 1065 cum
900 1025 1051 1078 legato
1069 1023 1188 1065 sedis
1212 1023 1484 1078 apostolicae
1509 1022 1521 1039 ³
1548 1023 1589 1063 in
1615 1022 1720 1064 Gal-

95 1098 194 1140 liam
228 1099 569 1155 profectionem,
603 1115 681 1143 sex
720 1101 788 1142 his
822 1101 1052 1142 mensibus
1082 1116 1158 1155 per
1192 1108 1371 1142 nostros
1408 1101 1595 1149 Romae,
1624 1101 1721 1141 Deo

93 1175 310 1230 adiutore,
332 1182 439 1218 sunt
458 1184 574 1227 acta,
595 1191 727 1231 quarn
752 1177 1016 1221 breuissime
1035 1177 1129 1219 fieri
1153 1176 1317 1232 poterit
1337 1176 1715 1231 perstringentur.

182 1264 221 1293 2.
290 1254 441 1307 Atque
467 1261 514 1294 ut
537 1254 592 1294 ab
617 1253 712 1308 ipso
740 1253 882 1295 Patris
907 1254 1132 1309 generalis
1155 1254 1370 1305 discessu,
1396 1252 1620 1295 scribendi
1644 1267 1695 1293 su

95 1336 238 1370 matur
275 1328 468 1385 initium,
502 1330 584 1373 etsi
616 1330 726 1372 tanti
760 1330 897 1385 patris
922 1331 1172 1385 praesentia
1205 1330 1369 1386 priuati
1410 1331 1644 1372 molestum
1678 1337 1721 1371 et

93 1418 232 1459 graue
257 1405 355 1456 fuit,
385 1420 474 1447 non
498 1406 627 1448 nobis
650 1407 811 1459 solum,
838 1407 915 1449 sed
945 1407 1077 1450 etiarn
1102 1407 1326 1461 omnibus,
1355 1407 1429 1460 qui
1452 1407 1549 1461 ejus
1572 1414 1615 1447 et
1650 1421 1695 1448 sa

93 1480 178 1523 cris
202 1482 499 1524 concionibus
521 1497 574 1524 ac
595 1483 862 1527 lectionibus
882 1484 966 1525 frui
990 1491 1033 1526 et
1052 1483 1250 1526 consiliis
1273 1484 1417 1526 iuuari
1440 1484 1657 1534 solebant,
1678 1493 1719 1524 et

92 1558 149 1598 ob
179 1572 277 1599 eam
312 1572 493 1600 causam
529 1559 747 1614 singulari
783 1560 973 1613 quadarn
1010 1560 1322 1603 beneuolentia
1356 1568 1399 1603 et
1432 1559 1720 1602 obseruantia

91 1648 192 1676 eum
220 1636 620 1688 prosequebantur,
646 1645 790 1678 tamen
812 1637 884 1678 illa
905 1652 985 1678 nos
1007 1652 1075 1680 res
1094 1637 1283 1678 maxime
1302 1638 1578 1690 consolatur,
1600 1636 1718 1689 quod
1762 1690 1766 1693 η

91 1718 135 1751 et
158 1710 311 1752 diuino
336 1718 448 1752 nutu
473 1726 548 1765 per
572 1726 796 1753 summum
822 1713 989 1755 Christi
1013 1713 1224 1755 vicarium
1250 1713 1293 1754 id
1319 1714 1484 1754 factum
1510 1720 1717 1754 constan-

94 1792 158 1829 ter
180 1786 420 1840 credimus,
447 1795 490 1830 et
509 1789 725 1831 ecclesiae
744 1790 991 1832 catholicae
1016 1791 1133 1831 bono
1154 1788 1371 1842 futurum,
1395 1790 1483 1831 imo
1507 1803 1615 1831 uero
1632 1789 1716 1830 iam

89 1875 188 1904 esse
228 1863 535 1917 perspicimus.
586 1865 639 1905 Et
685 1866 1063 1918 quemadmodum
1108 1874 1210 1908 ante
1253 1880 1428 1920 semper
1472 1866 1627 1921 optimi
1675 1874 1717 1906 et

89 1939 379 1980 amantissimi
404 1941 541 1994 patris
571 1941 720 1982 officio
752 1942 933 1984 functus
957 1951 1073 1995 erat,
1102 1942 1162 1985 ita
1194 1950 1301 1984 tunc
1335 1943 1378 1984 in
1413 1956 1495 1984 suo
1519 1942 1716 1985 discessu

90 2015 309 2057 consolari
335 2016 447 2058 filios
473 2018 630 2059 uoluit:
659 2033 761 2060 nam
785 2018 829 2059 in
862 2019 1120 2073 germanico
1151 2019 1342 2074 collegio
1365 2034 1577 2074 pransus,
1615 2020 1715 2060 ado-

91 2091 309 2134 lescentes
332 2092 429 2134 illos
452 2094 507 2135 ad
530 2094 710 2137 decreta
733 2095 911 2149 collegii
936 2097 1158 2138 seruanda
1180 2098 1444 2138 cohortatus
1467 2104 1550 2149 est3
1574 2104 1715 2150 poste-

91 2182 138 2209 ro
175 2168 262 2221 die,
296 2169 428 2211 natali
464 2171 697 2213 beatorum
733 2172 1037 2226 apostolorum
1076 2173 1195 2214 Petri
1230 2181 1274 2215 et
1314 2173 1458 2223 Pauli,
1498 2187 1582 2214 una
1613 2187 1714 2214 cum

95 2245 143 2284 Ρ.
174 2245 385 2296 Polanco,
412 2246 635 2288 destinato
665 2246 836 2291 itineris
868 2248 1057 2300 comite,
1084 2249 1128 2290 in
1152 2256 1305 2291 nostro
1334 2249 1525 2304 collegio
1549 2262 1713 2292 coena—

92 2326 178 2371 tus,
212 2335 294 2362 nos
327 2312 500 2364 omnes
520 2323 564 2363 in
604 2325 900 2366 domesticum
935 2317 1148 2367 sacellum
1189 2335 1478 2380 conuocatos,
1514 2324 1714 2366 familiari

91 2395 305 2450 breuique
329 2398 546 2449 oratione,
573 2413 754 2441 causam
778 2415 885 2443 suae
918 2401 1208 2456 profectionis
1232 2401 1434 2452 edocuit,
1461 2410 1504 2442 et
1534 2402 1588 2442 ad
1611 2415 1713 2442 con-

89 2471 314 2523 stantiam,
346 2481 390 2515 et
419 2474 727 2526 quotidianum
759 2476 803 2517 in
834 2485 1042 2531 suscepta
1076 2478 1193 2520 uitae
1223 2477 1394 2519 ratione
1424 2491 1713 2531 progressum

89 2555 156 2588 est
179 2549 456 2591 adhortatus.
482 2551 554 2592 Ad
580 2552 692 2594 haec
718 2566 1002 2607 summopere
1034 2553 1160 2595 nobis
1192 2567 1260 2595 res
1284 2553 1468 2607 gallicas
1493 2567 1715 2595 commen-

91 2727 181 2765 tem,
201 2736 287 2758 curn
308 2726 369 2759 vel
389 2725 435 2759 ad
453 2733 564 2770 gesta
585 2727 708 2761 Lainii
736 2728 976 2772 illustranda,
1006 2731 1066 2763 vel
1093 2729 1139 2763 ad
1158 2730 1480 2773 gubernationem
1508 2730 1714 2764 Societatis

91 2781 321 2826 pertineant,
355 2785 392 2818 in
424 2785 560 2819 Lainii
579 2786 771 2828 Monum.,
795 2787 958 2822 edimus.
979 2788 1137 2833 Aliquas
1166 2799 1256 2822 vero
1275 2799 1372 2833 quae
1392 2787 1439 2822 cle
1459 2789 1574 2823 rebus
1592 2790 1715 2832 gestis

92 2846 223 2886 agunt,
242 2842 303 2876 hic
326 2842 516 2879 dabimus.

161 2900 173 2917 ³
222 2900 259 2935 Is
280 2900 351 2935 fuit
370 2902 573 2937 cardinalis
593 2903 827 2950 Hippolytus
847 2905 894 2939 de
926 2906 1029 2949 Este,
1050 2912 1203 2940 creatus
1229 2917 1248 2939 a
1274 2906 1391 2940 Paulo
1412 2907 1480 2950 ΙΙΙ,
1500 2918 1587 2944 ann.
1614 2906 1713 2950 15393

92 2956 239 2993 Galliae
264 2965 469 3005 protector,
493 2962 588 2996 obiit
607 2962 752 2997 Romae
773 2972 792 2997 2
812 2965 999 3000 Decemb.
1025 2972 1124 3008 1572.
1142 2964 1203 3000 Cf.
1222 2966 1375 3008 EUBEL,
1398 2965 1459 3010 ΙΙΙ,
1482 2966 1537 3011 28;
1557 2971 1594 3000 et
1615 2967 1714 3000 SAC-

91 3022 266 3061 cfflNUM,
291 3016 340 3060 Il,
360 3019 425 3053 lib.
446 3019 491 3061 V,
513 3032 549 3056 n.
574 3019 650 3055 133.
