1971 3276
674 300 808 334 EPIST.
837 298 1040 343 32--1553
1578 300 1622 342 89

128 403 195 454 40
258 401 445 455 Ayudar
470 415 525 443 en
550 400 588 443 el
613 407 742 455 gasto
767 400 805 442 el
831 399 1006 455 colegio
1030 399 1306 455 germanico.

129 480 194 531 5.Ο
258 478 349 519 Dar
372 476 508 518 orden
536 490 621 530 que
645 490 692 518 se
718 483 853 531 tenga
877 482 1042 518 cuenta
1065 475 1120 518 de
1144 475 1249 516 todo
1272 475 1314 516 lo
1338 475 1490 516 dicho.

129 555 195 596 6.0
260 553 437 596 Recibir
460 553 525 594 los
549 552 776 607 depositos
799 553 854 594 de
883 553 947 593 105
971 566 1057 607 que
1080 558 1238 594 entran
1266 567 1320 595 en
1346 566 1463 605 0353,
1490 566 1517 605 y
1542 558 1667 593 tener

39 638 215 673 cuenta.

128 709 194 760 7.O
261 705 437 749 Recibir
474 707 538 747 los
577 706 759 748 dineros
794 720 881 760 que
915 720 962 747 50
996 719 1191 760 proveen
1231 706 1286 746 de
1323 719 1433 746 unas
1463 711 1610 759 partes
1645 718 1672 757 y

40 792 173 835 otras,
200 798 226 837 y
251 784 386 824 hacer
410 796 456 824 50
482 789 619 837 tenga
643 789 822 831 cuenta;
851 797 878 837 y
902 785 964 823 asi
983 783 1038 824 de
1061 784 1129 824 105
1148 782 1300 823 demas
1319 795 1406 835 que
1430 796 1477 823 50
1500 781 1670 821 1305030

41 860 284 915 prestados,
309 873 336 914 y
362 860 416 901 de
436 859 694 912 cualquiera
715 873 912 900 manera.

207 996 359 1025 OTRAS
393 996 540 1025 COSAS
575 995 962 1025 ENCOMENDADAS
994 996 1052 1024 AL
1089 995 1251 1024 MESMO
1287 995 1502 1024 POLANCO

579 1072 709 1102 COMO
744 1074 770 1100 A
808 1072 1126 1101 PROCURADOR

177 1164 196 1183 ⁰
262 1167 542 1207 Procuranse
561 1164 722 1206 ciertas
741 1164 916 1219 gracias
935 1178 1041 1219 para
1058 1164 1123 1205 las
1146 1163 1308 1216 Indias,
1328 1165 1366 1205 al
1389 1171 1608 1219 presente.

135 1177 169 1208 Ι.

131 1254 171 1284 2.
238 1243 339 1285 Una
359 1241 497 1284 union
517 1256 622 1296 para
645 1241 685 1283 el
704 1241 880 1296 colegio
903 1241 958 1282 de
985 1240 1234 1283 Florencia.

131 1332 171 1372 3.
241 1320 307 1362 De
331 1319 526 1373 Napoles
546 1319 636 1360 han
655 1317 818 1372 pedido
843 1332 870 1371 y
890 1317 1024 1372 piden
1051 1317 1243 1371 algunos
1267 1317 1531 1371 despachos.

130 1407 171 1448 4.
241 1394 306 1436 De
329 1395 479 1438 Sicilia
505 1394 707 1437 diversos
731 1395 997 1449 despachoS.

133 1483 172 1526 5.
240 1473 307 1515 De
329 1472 533 1528 Bologna
551 1486 578 1526 y
597 1479 716 1513 otras
735 1477 884 1526 partes
908 1471 963 1512 de
988 1470 1111 1512 Italia
1136 1472 1222 1525 hay
1243 1471 1436 1525 algunos
1463 1469 1675 1525 negocios

43 1549 423 1593 encomendados.

134 1626 174 1668 ὁ.
238 1627 306 1668 De
330 1625 576 1667 Barcelona
599 1639 627 1678 y
651 1623 865 1667 Valencia
891 1623 1215 1666 encomiendan
1244 1623 1456 1678 algunos.

136 1713 175 1755 7.
244 1703 311 1743 De
335 1690 463 1743 Avila
489 1701 697 1755 algunos.

135 1779 174 1820 8.
242 1778 326 1820 Del
350 1777 483 1819 Abad
510 1777 655 1819 Pedro
679 1777 942 1818 Domenech
964 1776 1173 1831 algunos,
1196 1790 1223 1830 y
1248 1790 1302 1830 ya
1326 1779 1455 1817 seran
1482 1789 1652 1817 menos.

133 1870 175 1910 9.
243 1856 310 1896 De
333 1854 598 1897 Salamanca
617 1853 823 1908 algunos.

141 1943 203 1973 10.
270 1931 339 1973 De
364 1931 520 1972 Alcala
544 1931 750 1985 algunos,
775 1944 802 1983 y
827 1943 910 1970 con
945 1930 1108 1970 mucha
1139 1928 1358 1970 instancia
1388 1929 1443 1970 de
1468 1934 1594 1983 parte
1624 1928 1679 1968 de

51 2009 103 2050 D.
126 2007 352 2064 Jeronimo
379 2006 392 2026 ³

401 2041 409 2060 ,
436 2022 463 2061 y
488 2007 711 2061 Vergara.

141 2097 205 2127 ΙΙ.
273 2085 339 2126 De
363 2085 596 2138 Zaragoza
620 2097 852 2138 encargan
879 2083 1086 2137 algunos.

141 2173 206 2205 12.
273 2162 342 2204 De
375 2161 589 2214 portugal
625 2160 817 2215 siempre
850 2161 938 2214 hay
970 2159 1182 2213 algunos,
1209 2172 1388 2212 aurique
1418 2159 1458 2201 el
1487 2158 1677 2200 cuidado

48 2237 266 2293 principal
291 2252 349 2278 no
375 2238 415 2279 10
440 2244 577 2292 tengo
601 2251 674 2291 yo,
701 2236 799 2278 sino
823 2251 910 2290 que
933 2237 1082 2290 ayudo
1106 2251 1129 2278 3
1154 2235 1286 2290 quien
1311 2236 1352 2278 le
1377 2235 1511 2277 tiene.

146 2326 212 2368 13.
280 2315 347 2356 De
374 2316 500 2356 Paris
524 2315 715 2368 algunos
733 2312 966 2368 negocios.

141 2402 206 2443 14.
272 2392 340 2432 De
366 2390 564 2432 Lovanio
589 2389 803 2431 diversos.

140 2477 204 2520 15,
272 2468 339 2508 De
372 2467 435 2508 135
469 2480 597 2508 00535
631 2467 685 2508 de
709 2465 877 2508 Leonio

49 2543 165 2586 nico.

906 2466 934 2516 ⁴,
967 2480 994 2519 y
1035 2473 1153 2506 otras
1185 2464 1255 2506 del
1286 2463 1461 2518 colegio
1491 2468 1673 2518 germa-

120 2678 133 2697 3
184 2678 450 2722 Hieronymus
470 2676 518 2711 de
538 2677 681 2711 vivero
701 2677 886 2719 (Biuero)‚
904 2676 970 2722 qui
989 2675 1180 2721 quoddam
1202 2675 1509 2709 ecclesiasticum
1538 2674 1682 2709 benefi-

51 2736 152 2771 cium
171 2736 429 2781 complutensi
448 2736 614 2779 collegio
633 2735 838 2770 Societatis
857 2734 1071 2779 adjungere
1090 2735 1284 2779 cupiebat.
1306 2732 1367 2769 Cf.
1398 2733 1521 2778 Epist.
1544 2735 1663 2770 Mixt.
1676 2761 1683 2774 ‚

53 2794 104 2838 11,
128 2794 210 2838 855.

124 2853 137 2872 ⁴
189 2853 357 2887 Leonius
386 2853 585 2896 Baschius,
606 2852 770 2887 clericus
787 2851 1006 2887 tudertinae
1025 2851 1267 2895 dioeceseos,
1287 2852 1387 2885 bona
1403 2863 1483 2895 sua,
1506 2852 1579 2886 sub
1602 2863 1683 2887 cer-

50 2910 100 2945 tis
118 2911 348 2957 quibusdam
367 2911 676 2955 condicionibus,
698 2912 737 2946 in
768 2911 939 2945 favorem
959 2910 1116 2954 collegii
1142 2909 1368 2953 germanici,
1389 2909 1596 2944 donatione
1627 2912 1681 2945 in—

53 2975 109 3003 ter
124 2970 246 3014 vivos,
275 2970 434 3004 donarat
460 2970 644 3004 cardinali
663 2971 981 3015 compostellano,
1003 2969 1143 3014 Joanni
1164 2969 1332 3003 Alvarez
1347 2968 1394 3002 de
1414 2969 1571 3003 Toledo.
1604 2970 1681 3004 Sed

52 3029 181 3073 gravis
199 3029 270 3062 hac
298 3029 502 3063 occasione
523 3034 605 3063 orta
624 3035 684 3063 est
710 3029 757 3063 lis
782 3028 884 3063 inter
914 3027 1102 3062 Leonium
1131 3032 1169 3061 et
1188 3027 1272 3072 ejus
1291 3026 1429 3061 fratres
1456 3027 1617 3063 Atilium
1646 3036 1685 3063 et

54 3086 296 3130 Flaminium⁷
312 3098 411 3132 quae
428 3088 558 3131 plures
574 3098 694 3121 annos
713 3086 879 3121 duravit.
899 3087 957 3120 De
973 3087 1043 3120 hac
1061 3085 1126 3120 lite
1143 3085 1294 3131 aliquae
1310 3092 1398 3119 sunt
1414 3086 1685 3121 annotationes
