1971 3276
275 241 344 278 630
776 242 960 276 POLANC1
986 249 1304 277 COMPLEMENTA

229 349 440 393 teremus;
477 349 521 386 et
554 357 609 385 ex
643 342 783 384 altera
814 349 953 396 parte,
979 340 1220 384 cardinalis
1249 340 1417 382 Amulii
1441 340 1621 383 nomine
1646 341 1689 383 id
1713 340 1858 396 ipsum

229 418 342 461 alius
365 433 388 460 a
412 419 543 460 nobis
567 419 841 473 postulatum
867 418 1066 462 aduenit.
1094 416 1326 461 Continuo
1346 420 1397 460 P.
1425 418 1482 459 Ν.
1509 417 1733 473 generalis
1751 418 1861 459 duo-

229 496 313 537 bus
336 495 457 537 dedit
482 495 715 550 negotium
739 495 1067 547 sacerdotibus3
1094 495 1170 549 qui
1194 509 1294 537 cum
1322 495 1464 537 Paulo
1486 502 1530 536 et
1554 496 1754 549 parocho⁸
1772 494 1861 536 sin-

229 572 359 626 gulas
383 572 542 613 domos
571 571 782 627 ingressi,
809 572 851 612 in
878 579 972 613 tota
1001 571 1210 627 paroecia
1238 572 1352 613 duos
1382 571 1694 614 tantummodo
1723 571 1862 615 bene-

231 648 434 690 ualentes
464 649 715 693 offendunt.
749 649 989 692 Sacrarum
1014 648 1243 703 virginum
1273 662 1465 691 numero
1489 648 1527 690 C
1550 654 1647 690 erat
1670 647 1730 689 ibi
1761 662 1861 691 coe-

230 724 431 775 nobium3
458 740 513 767 ex
531 724 584 767 iis
602 725 686 768 XC
709 725 935 779 iacebant,
961 726 1116 768 decem
1140 724 1337 779 reliquae
1355 725 1518 768 affecto
1535 723 1658 780 ipsae
1682 739 1861 779 quoque

228 813 415 855 corpore
439 801 770 845 ministrabant.
811 801 984 844 Passim
1009 816 1119 844 uero
1142 801 1330 857 priuatis
1352 801 1396 842 in
1422 801 1610 844 aedibus
1633 801 1758 856 quini
1791 803 1861 844 uel

230 877 332 920 deni
359 879 429 919 uel
454 878 686 933 quinideni
710 879 900 934 aegroti,
926 879 1050 921 nullo
1079 880 1219 921 ferme
1246 878 1513 932 cuiusquam
1537 877 1726 919 ministri
1757 878 1861 919 sub-

230 953 344 995 sidio
366 956 682 1008 cernebantur,
708 962 756 997 ut
781 955 985 997 nonnulli
1008 962 1244 1010 propterea
1268 955 1427 997 misere
1450 954 1547 997 sine
1570 954 1862 998 sacramentis

230 1045 253 1073 e
279 1030 371 1072 uita
395 1031 692 1076 discederent.
722 1033 823 1075 Non
857 1032 1002 1075 defuit
1031 1032 1166 1075 etiam
1192 1032 1322 1074 cuius
1351 1046 1470 1073 mors
1500 1039 1680 1086 propter
1711 1032 1861 1074 dome·

230 1106 386 1149 sticam
419 1109 729 1160 solitudinem,
762 1109 860 1164 ipso
889 1109 1084 1163 denique
1113 1108 1347 1152 cadaueris
1376 1109 1548 1152 foetore
1580 1110 1758 1152 detecta
1787 1108 1859 1151 sit.

233 1184 321 1226 Alii
347 1198 527 1239 quoque
554 1186 717 1240 pariter
742 1186 834 1228 uita
858 1186 999 1228 functi
1026 1185 1191 1241 reperti
1213 1193 1337 1229 sunt.

317 1261 390 1313 46.
459 1263 511 1303 Et
530 1262 741 1315 quoniam
762 1263 895 1304 latius
914 1262 1110 1318 grassari
1134 1263 1220 1304 iam
1239 1262 1455 1317 contagio
1472 1269 1699 1318 coeperat,
1721 1263 1863 1305 Amu-

234 1337 320 1378 lius
344 1338 583 1379 cardinalis
614 1354 637 1380 a
662 1339 825 1381 nostris
855 1346 922 1382 est
945 1339 1160 1391 monitus,
1190 1346 1236 1381 ut
1265 1353 1491 1381 summum
1522 1339 1796 1393 pontificem,
1828 1339 1862 1381 si

232 1413 481 1470 uideretur,
509 1422 600 1458 tota
623 1416 679 1458 de
704 1431 749 1459 re
777 1417 942 1459 faceret
966 1416 1219 1459 certiorem.
1246 1415 1472 1467 Amulius,
1498 1416 1623 1469 larga
1654 1430 1734 1471 pro
1757 1415 1863 1457 viri-

232 1491 317 1532 bus
337 1491 459 1546 prius
479 1492 522 1533 in
542 1506 765 1547 pauperes
782 1501 971 1547 erogata
994 1493 1282 1544 eleemosina,
1310 1507 1358 1536 se
1381 1506 1483 1534 cum
1502 1492 1718 1548 pontifice
1741 1499 1865 1534 actu·
1928 1514 1932 1518 ·

231 1581 327 1608 rum
352 1569 538 1623 recepit;
560 1569 650 1622 cui,
675 1569 801 1612 Pauli
824 1570 982 1611 Bubali
1003 1577 1182 1624 rogatu,
1206 1570 1291 1611 iarn
1310 1569 1549 1624 episcopus
1567 1583 1746 1624 quoque
1764 1570 1861 1611 Flo-

230 1645 439 1687 rebellius
463 1661 555 1689 rem
579 1654 833 1701 aperuerat.
862 1647 998 1701 Quod
1022 1661 1122 1688 cum
1153 1649 1201 1689 P.
1230 1648 1285 1689 N.
1314 1646 1560 1701 ignoraret,
1581 1645 1863 1688 animaduer-

229 1734 278 1762 so
302 1722 500 1776 periculo
530 1724 651 1777 quod
680 1738 768 1765 non
793 1723 854 1765 illi
879 1724 1022 1765 solum
1047 1723 1295 1778 paroeciae,
1321 1724 1400 1765 secl
1425 1722 1665 1765 uniuersae
1689 1722 1862 1764 ciuitati

227 1797 490 1851 inminebat,
509 1800 624 1841 duos
648 1801 703 1841 ad
729 1800 985 1855 pontificem
1009 1815 1034 1842 e
1059 1800 1222 1842 nostris
1242 1800 1446 1842 oculatos
1465 1799 1584 1842 illius
1609 1799 1861 1854 spectaculi

229 1880 367 1916 testes
391 1876 576 1930 legauit.
610 1877 699 1920 Sed
729 1884 972 1931 antequam
1004 1884 1130 1932 porta
1155 1878 1313 1931 pedem
1341 1878 1614 1928 extulerant,
1641 1890 1748 1919 ecce
1779 1876 1862 1917 tibi

227 1953 511 1993 commodum
537 1968 561 1994 a
584 1967 759 1995 summo
783 1953 998 2008 pontifice
1022 1953 1314 1996 Florebellius
1337 1953 1432 2008 ipse
1455 1953 1735 2008 superuenit,
1759 1967 1860 2008 per-

229 2029 413 2070 multam
442 2031 634 2072 afferens
662 2030 824 2085 stipem
854 2030 1052 2085 aegrotis
1076 2044 1153 2085 per
1178 2037 1355 2072 nostros
1385 2030 1491 2086 (una
1516 2044 1618 2071 cum
1651 2030 1794 2071 Paulo
1818 2037 1863 2071 et

227 2104 324 2147 eius
348 2106 592 2148 uicinitatis
612 2106 754 2162 perito
779 2107 913 2150 fratre
939 2121 1047 2161 uno,
1074 2106 1312 2148 coenobita
1336 2108 1392 2150 D.
1422 2108 1616 2150 MARIAE
1640 2120 1755 2161 quae
1781 2108 1863 2148 Po-

230 2185 319 2241 puli
342 2183 521 2233 dicitur)
539 2183 845 2226 diuidendam.
868 2184 958 2226 Sed
981 2183 1150 2225 nostris
1174 2183 1410 2238 pecuniam
1431 2198 1521 2225 non
1546 2183 1772 2238 attingere
1794 2197 1863 2224 sa-

231 2262 319 2303 tius
350 2261 493 2302 uisum
520 2268 602 2302 est.
642 2261 833 2302 Paulum
867 2269 1086 2315 rogarunt
1111 2267 1159 2301 ut
1183 2274 1282 2302 eam
1306 2267 1349 2302 et
1373 2260 1481 2302 alias
1505 2259 1719 2315 deinceps
1744 2261 1864 2315 apud

226 2352 274 2380 se
291 2336 548 2378 huiusmodi
573 2336 871 2379 eleemosinas
890 2337 1153 2379 custodiret.
1181 2336 1326 2378 Cuius
1349 2336 1531 2390 quidem
1558 2336 1640 2378 uiri
1665 2335 1793 2378 nobis
1813 2336 1856 2378 in

228 2415 313 2455 hoc
338 2421 431 2455 toto
456 2413 639 2468 negotio
666 2413 922 2455 humanitas
945 2412 1220 2455 admirabilis
1245 2412 1341 2455 uisa
1364 2419 1448 2464 est,
1474 2412 1550 2467 qui
1577 2427 1714 2455 uxore
1738 2420 1782 2454 et
1805 2412 1853 2454 li-

227 2490 344 2531 beris
373 2490 561 2543 aliisque
591 2489 850 2532 domesticis
873 2490 916 2531 in
943 2490 1059 2532 lecto
1088 2489 1357 2540 iacentibus,
1386 2488 1688 2544 primogenito
1722 2491 1860 2532 etiam

228 2566 318 2608 filio
341 2567 519 2619 amisso,
544 2567 841 2608 nihilominus
862 2566 1098 2609 uidebatur
1117 2579 1302 2607 suorum
1326 2567 1515 2608 salutern
1535 2580 1639 2620 prae
1662 2579 1862 2607 commu-

230 2643 273 2684 ni
297 2644 441 2685 salute
472 2644 724 2699 negligere.
752 2646 910 2698 Itaque
935 2643 1112 2686 tametsi
1137 2642 1180 2684 in
1212 2642 1358 2685 media
1381 2644 1654 2697 contagione
1680 2643 1859 2685 habita-

227 2720 318 2769 bat,
345 2727 493 2763 tamen
521 2735 624 2763 eum
649 2720 870 2763 Dominus
894 2721 1136 2761 multorum
1163 2719 1390 2763 commodi
1408 2732 1567 2761 caussa
1585 2720 1641 2760 ab
1659 2733 1711 2762 ea
1736 2727 1863 2773 peste

229 2794 428 2837 illaesum
454 2804 589 2850 atque
613 2796 843 2852 integrum
869 2795 1107 2851 praestitit.

315 2882 386 2923 47.
454 2872 513 2913 Ηὶ
538 2873 628 2914 duo
657 2873 810 2916 Patres
833 2873 988 2927 igitur,
1017 2887 1122 2915 cum
1146 2871 1198 2914 iis
1222 2886 1335 2926 quos
1357 2871 1449 2913 dixi
1471 2871 1674 2926 collegis,
1702 2884 1861 2925 aegro-

230 2953 297 2987 tos
319 2947 468 2988 denuo
491 2948 549 2989 ita
573 2948 843 2999 inuiserunt,
873 2956 920 2990 ut
951 2949 1082 2990 simul
1107 2963 1261 2992 eorum
1285 2950 1394 2990 alter
1424 2947 1739 2990 eleemosinam
1766 2961 1861 2990 ero-

230 3030 372 3076 garet,
400 3038 450 3064 ac
474 3032 638 3066 statum
664 3032 707 3066 et
731 3025 1019 3069 difficultates
1036 3024 1314 3080 aegrotantis
1332 3023 1568 3078 edisceret,
1590 3023 1700 3065 alter
1720 3022 1859 3064 nomi-
