1971 3276
268 222 337 263 624
775 225 963 262 PoLANffl
990 237 1307 265 COMPLEMENTA

221 322 300 363 tati
326 330 506 365 nostrae
525 324 640 366 inter
663 325 748 367 alia
774 330 1126 381 commendauit,
1153 338 1202 372 ut
1226 331 1475 375 animarum
1501 334 1675 377 illarum
1699 344 1852 379 curam

217 399 501 453 salutemque
525 400 791 456 susciperet,
813 405 969 447 eadem
997 420 1043 448 re
1068 406 1152 462 ipsi
1177 409 1378 451 cohortis
1401 409 1498 452 eius
1522 413 1754 466 praefecto
1780 427 1852 468 pa-

219 475 325 518 riter
349 478 680 522 commendata.
710 480 863 535 Itaque
882 489 925 523 et
948 482 1043 537 ipse
1055 484 1317 538 praefectus
1340 494 1384 528 et
1408 487 1570 531 milites
1588 502 1744 532 omnes
1760 489 1853 533 fere

219 566 295 606 per
312 536 642 596 confessionem
666 556 848 611 expiati,
875 566 920 600 et
943 560 1216 613 quotidianis
1238 561 1284 603 in
1308 564 1473 606 sacello
1497 565 1647 619 palatii
1671 566 1851 608 concio-

217 628 350 671 nibus
373 630 429 670 ad
456 630 668 685 pietatem
698 634 968 678 catholicam
1000 636 1246 690 informati,
1274 640 1433 694 partim
1468 641 1633 684 uetitos
1664 643 1853 686 haereti-

215 718 370 747 corum
398 707 537 750 libros
561 709 681 751 ultro
704 710 871 754 dedere
893 714 1175 766 cremandos,
1202 715 1363 770 partim
1390 717 1668 761 concubinas
1691 720 1761 762 uel
1787 735 1853 764 re-

216 781 478 835 pudiauere‚
508 784 578 826 uel
600 785 685 827 sibi
709 786 924 842 legitimis
948 789 1117 844 nuptiis
1138 791 1436 838 coniunxere.

305 870 375 912 27.
443 860 590 903 Variis
614 876 669 904 ex
692 862 868 907 oriente
892 865 1152 909 christianis
1182 883 1366 911 suarum
1404 885 1551 913 rerum
1577 885 1754 929 caussa,
1781 875 1852 917 uel

211 949 314 976 cum
341 936 539 991 epistolis
564 939 633 979 uel
658 939 756 982 sine
774 941 990 995 epistolis,
1011 944 1066 984 ad
1085 944 1343 998 pontificem
1365 947 1669 1000 uenientibus,
1696 964 1851 992 eorum

211 1019 255 1053 et
286 1011 329 1053 in
360 1015 540 1067 agendo
567 1014 854 1070 interpretes,
888 1025 933 1061 et
967 1019 1011 1060 in
1047 1021 1273 1064 catholica
1307 1022 1526 1078 religione
1557 1025 1796 1081 magistros
1828 1041 1853 1069 e

213 1096 363 1130 nostra
402 1090 628 1134 Societate
667 1092 852 1148 delegit.
889 1096 1044 1150 Itaque
1079 1097 1207 1138 multi
1241 1099 1504 1142 aberrantes
1541 1101 1597 1142 ad
1635 1102 1852 1147 ecclesiae

211 1165 434 1218 gremium
465 1166 651 1221 rediere,
684 1176 729 1210 et
758 1171 980 1213 catholico
1013 1172 1099 1214 ritu
1134 1181 1177 1215 et
1209 1175 1517 1228 poenitentiae
1553 1184 1597 1219 et
1634 1179 1849 1221 Euchari-

211 1240 322 1284 stiae
345 1252 627 1286 sacramenta
651 1259 901 1301 sumpsere.

302 1319 371 1359 28.
441 1320 528 1361 Iam
555 1335 662 1363 uero
686 1336 851 1378 magna
874 1339 1057 1379 quoque
1081 1327 1380 1370 hebraeorum
1405 1343 1565 1371 manus
1597 1331 1652 1373 ad
1677 1332 1848 1374 cultum

209 1394 414 1438 CHRISTI
446 1397 651 1440 traducta
681 1407 763 1443 est.
798 1401 903 1455 Quo
937 1402 992 1445 de
1021 1416 1190 1457 genere
1225 1412 1271 1445 ut
1301 1405 1450 1459 aliqua
1480 1406 1722 1450 illustriora
1752 1424 1849 1464 per-

209 1470 445 1526 stringam,
477 1474 668 1529 contigit
699 1478 943 1532 quendam,
981 1493 1120 1522 uxore
1149 1481 1205 1522 ab
1228 1496 1276 1524 se
1308 1497 1384 1536 per
1409 1482 1688 1528 simultatem
1713 1492 1848 1540 atque

206 1547 360 1589 odium
397 1550 622 1605 ablegata,
661 1553 816 1595 audito
849 1555 1091 1609 euangelio
1125 1571 1229 1599 cum
1270 1558 1471 1613 quinque
1504 1560 1606 1603 filiis
1645 1563 1844 1607 credere.

210 1624 332 1666 Uxor
366 1633 534 1676 autem,
572 1628 627 1671 de
662 1629 882 1684 religione
916 1631 1082 1686 pariter
1116 1634 1354 1688 appellata,
1392 1636 1533 1679 uerita
1572 1652 1628 1680 ne
1662 1639 1848 1681 maritus

206 1700 339 1743 aliam
364 1703 566 1755 duceret,
590 1705 806 1761 baptizari
831 1708 1084 1762 constituit,
1109 1710 1268 1753 marito
1291 1712 1539 1766 quamlibet
1562 1715 1702 1770 (metu
1725 1730 1848 1770 repe·
1912 1723 1916 1726 ’

208 1778 330 1819 tendi
355 1793 458 1821 cum
485 1781 558 1822 illa
582 1783 811 1838 consortii)
836 1785 1119 1830 dehortante:
1148 1802 1291 1842 usque
1315 1791 1428 1831 adeo
1451 1799 1546 1834 erat
1565 1791 1609 1833 in
1628 1792 1716 1836 fide
1735 1793 1848 1835 male

207 1854 362 1897 firmus
386 1858 549 1899 adhuc.
576 1859 666 1901 Sed
696 1861 879 1915 cognita
904 1877 964 1913 re,
994 1865 1126 1905 Pater
1157 1864 1338 1918 quidam
1369 1880 1393 1908 e
1423 1867 1590 1909 nostris
1621 1875 1846 1924 utrunque

204 1931 375 1974 crebris
398 1935 789 1979 cohortationibus
813 1938 868 1979 ad
897 1940 1185 1982 concordiam
1220 1943 1469 1987 reuocauit.
1499 1945 1687 1987 Maritus
1715 1946 1771 1988 ab
1794 1961 1845 1990 ea

208 2008 385 2050 ueniam
411 2012 599 2066 supplex
625 2012 749 2066 petiit
785 2014 840 2055 ad
871 2029 1023 2069 genua
1051 2018 1337 2073 prouolutus;
1363 2021 1495 2062 ambo
1519 2021 1701 2064 coelesti
1726 2023 1845 2066 laua-

202 2098 281 2125 cro
303 2086 495 2141 lustrati‚
524 2103 612 2130 una
633 2089 812 2141 uiuunt,
841 2105 1008 2147 magno
1031 2107 1134 2136 cum
1159 2094 1346 2137 aliorum
1374 2111 1553 2151 quoque
1573 2100 1721 2140 fructu
1740 2113 1845 2142 con-

207 2161 412 2204 fessionis
434 2171 478 2206 et
501 2166 800 2210 eucharistiae
823 2181 950 2210 sacra
975 2170 1187 2223 mysteria
1214 2172 1570 2227 frequentantes,

294 2250 363 2293 29.
431 2240 584 2283 Alium
609 2244 832 2297 quendam
868 2244 1194 2300 legisperitum,
1221 2247 1258 2289 is
1282 2248 1393 2303 ipse,
1415 2263 1547 2304 quem
1572 2253 1705 2295 modo
1730 2253 1838 2302 dixi,

208 2315 352 2368 Pater,
378 2319 707 2361 consuetudine
730 2319 814 2362 sibi
838 2321 1099 2365 deuinctum
1125 2325 1244 2379 apud
1268 2339 1316 2368 se
1339 2327 1394 2368 ad
1419 2328 1655 2381 prandium
1680 2329 1841 2372 inuita-

206 2391 283 2434 uit.
313 2393 427 2435 Cum
453 2394 526 2436 ille
549 2410 596 2437 se
614 2403 852 2440 excusaret
876 2399 1025 2441 edicto
1045 2413 1134 2454 quo
1155 2401 1343 2443 uetitum
1369 2411 1436 2446 est
1460 2418 1515 2446 ne
1533 2404 1714 2449 hebraei
1738 2420 1840 2448 cum

199 2469 460 2511 christianis
483 2470 634 2513 cibum
658 2486 839 2516 sumere
864 2474 1054 2529 possint,
1078 2477 1211 2520 Pater
1233 2477 1471 2533 impetrata
1490 2496 1511 2522 a
1533 2480 1698 2524 vicario
1721 2497 1840 2524 sum—

203 2545 260 2586 mi
286 2547 511 2599 pontificis
536 2549 667 2591 uenia
693 2557 739 2591 ut
763 2551 958 2593 hebraeo
982 2552 1167 2595 cuilibet
1190 2568 1343 2597 secum
1368 2555 1551 2611 impune
1576 2559 1697 2601 uesci
1727 2550 1836 2602 lice-

201 2630 283 2674 ret,
310 2624 537 2666 hominem
561 2625 605 2666 in
630 2626 766 2669 aedes
789 2627 968 2683 collegii
995 2630 1134 2670 nostri
1167 2631 1392 2685 perduxit,
1424 2641 1562 2687 atque
1590 2634 1694 2677 inde
1716 2643 1839 2679 ante-

200 2712 335 2751 quam
360 2700 583 2752 discessit,
611 2703 768 2744 statuit
798 2703 982 2746 omnino
1012 2705 1254 2749 christiana
1283 2722 1410 2750 sacra
1440 2710 1685 2766 suscipere,
1717 2719 1760 2756 et
1785 2714 1840 2754 ad

203 2773 246 2814 id
270 2775 413 2829 ipsum
440 2792 623 2822 uxorem
648 2788 692 2822 et
717 2780 830 2822 filios
853 2789 1024 2836 septem
1052 2796 1140 2825 una
1162 2784 1384 2838 pellicere.
1408 2786 1583 2830 Deinde
1605 2788 1728 2830 illum
1756 2788 1838 2831 Pa-

199 2855 266 2892 ter
291 2852 345 2892 ad
370 2854 505 2906 pedes
530 2855 755 2909 pontificis
779 2857 982 2912 deduxit,
1017 2858 1146 2901 cuius
1175 2868 1362 2914 aspectu
1394 2863 1597 2916 pontifex
1627 2879 1716 2907 non
1747 2880 1835 2908 me-

193 2925 406 2968 diocriter
429 2936 496 2971 est
521 2930 728 2973 laetatus.
762 2933 952 2987 Sequuti
984 2942 1091 2976 sunt
1123 2934 1220 2978 eius
1253 2937 1491 2980 consilium
1516 2952 1541 2980 e
1570 2940 1671 2982 filiis
1701 2941 1830 2995 quin-

197 3016 301 3055 que;
338 3010 382 3045 et
417 3019 572 3047 omnes
607 3015 706 3061 post
739 3009 961 3052 catholica
994 3010 1248 3054 rudimenta
1280 3027 1410 3055 sacro
1444 3016 1567 3059 fonte
1600 3025 1707 3059 sunt
1736 3017 1814 3059 loti
