1971 3276
274 199 343 242 476
776 197 964 231 PoLANC1
998 203 1317 230 COMPLEMENTA

229 314 419 355 persona
443 306 488 340 et
511 297 781 340 auctoritate
807 297 950 339 Patris
973 296 1173 351 cognita,
1199 296 1341 352 primo
1363 296 1515 338 dolere
1539 311 1586 338 se
1605 294 1716 336 dixit
1741 296 1862 348 quod

231 379 346 419 facta
371 376 428 417 illi
454 374 615 417 iniuria
641 374 814 425 fuisset,
842 382 936 416 tum
961 381 1181 428 potestate
1205 373 1398 428 publicis
1416 372 1555 414 literis
1573 379 1709 425 atque
1733 371 1858 412 tabu-

227 453 280 495 lis
303 453 563 507 confimata,
592 459 640 493 ut
663 452 719 493 ad
742 450 1001 492 inchoatum
1027 464 1141 504 opus
1165 457 1468 492 reuerteretur
1495 463 1583 490 una
1611 462 1713 489 cum
1739 462 1862 502 prae-

227 529 371 584 cipuis
396 528 736 583 magistratibus
759 527 1030 568 obsecrauit.
1055 528 1281 569 Reuersus
1306 526 1456 580 itaque
1478 540 1567 567 non
1589 525 1649 575 ui,
1673 538 1754 566 nec
1775 532 1864 565 tor-

230 606 409 659 mentis,
436 619 550 658 quae
573 619 750 658 semper
773 618 874 645 eum
900 602 1146 644 necessitas
1169 603 1335 658 coegit,
1362 604 1417 644 ab
1447 602 1761 657 episcoporum
1800 601 1862 642 vi-

228 682 359 723 cariis
382 681 585 723 adhiberi
612 680 768 731 uoluit3
795 680 874 721 sed
899 679 1152 733 praecibus,
1178 679 1424 730 sacrificiis,
1444 677 1757 732 concionibus,
1778 677 1861 731 pri-

232 759 439 812 uatisque
470 756 800 798 hortationibus
830 755 1062 810 octoginta
1102 756 1227 797 breui
1257 755 1402 810 spatio
1432 757 1572 810 Xpo.,
1605 762 1739 808 atque
1770 753 1867 796 eius

230 834 458 877 Ecclesiae
484 833 693 877 restituit.

324 912 388 954 18.
456 912 698 953 Caeterum
731 918 820 952 tres
851 909 1032 964 quidem
1062 909 1370 963 superioribus
1399 909 1558 952 diebus
1593 911 1863 965 Giaponiam

230 1003 401 1037 uersus,
428 988 512 1030 iter
531 1002 639 1029 sane
663 987 849 1041 longum
874 993 918 1028 et
942 986 1136 1038 difficile,
1162 994 1470 1040 susceperant;
1499 987 1579 1028 sed
1598 987 1700 1040 quia
1728 989 1866 1029 dorni-

228 1080 312 1106 nus
335 1065 524 1107 Garzias
551 1063 599 1114 ¹¹,
629 1063 890 1117 hispanicae
913 1062 1068 1104 classis
1101 1063 1371 1117 praefectus,
1410 1078 1435 1104 a
1474 1065 1606 1106 Patre
1641 1065 1858 1119 generali,

227 1141 360 1184 etiam
385 1140 649 1195 interposita
682 1140 845 1181 summi
871 1139 1097 1194 pontificis
1130 1139 1388 1194 autoritate,
1416 1140 1586 1193 aliquot
1616 1154 1671 1183 ex
1702 1142 1868 1183 nostris

231 1218 370 1273 petiit,
398 1217 472 1271 qui
497 1231 648 1259 amore
671 1224 715 1258 et
738 1216 960 1259 charitate
979 1216 1219 1259 Societatis
1243 1216 1402 1258 officiis
1428 1231 1537 1272 erga
1562 1217 1737 1271 milites,
1760 1233 1868 1259 nau-

230 1304 312 1345 tas,
338 1304 381 1336 et
406 1293 600 1345 remiges
626 1300 878 1344 uterentur,
905 1307 1052 1346 neque
1073 1292 1148 1334 ulli
1168 1293 1300 1334 modo
1318 1307 1372 1334 ex
1392 1293 1612 1348 Hispania
1631 1295 1745 1336 mitti
1768 1309 1865 1349 pos-

228 1379 349 1421 sunt,
376 1385 453 1413 eos
478 1370 521 1410 in
547 1369 740 1411 nauibus
773 1383 1002 1412 remanere
1035 1376 1079 1410 et
1109 1368 1152 1410 id
1185 1370 1384 1411 muneris
1414 1372 1497 1411 hac
1530 1378 1700 1413 aestate
1732 1373 1861 1427 fungi

224 1447 464 1501 oportebit.
488 1447 664 1488 Horum
684 1446 775 1487 duo
792 1445 1112 1500 professionem
1137 1446 1337 1488 fecerant
1355 1453 1449 1499 33⁸³
1466 1454 1689 1488 votorum:
1711 1449 1761 1491 P.
1786 1450 1866 1491 Pe-

226 1533 322 1565 trus
344 1523 489 1573 Riera,
517 1523 591 1577 qui
616 1522 869 1573 discedens,
893 1522 1117 1576 plerisque
1140 1522 1367 1565 nobilibus
1391 1523 1555 1576 quibus
1577 1523 1662 1564 iam
1692 1524 1865 1578 pridem

225 1608 317 1641 erat
341 1616 364 1642 a
388 1598 768 1652 confessionibus,
798 1613 1013 1654 magnum
1032 1599 1099 1641 sui
1120 1599 1393 1642 desiderium
1418 1599 1613 1654 reliquit,
1640 1609 1683 1642 et
1708 1601 1754 1642 Ρ.
1780 1603 1865 1643 Ba-

230 1676 362 1731 ptista
392 1676 567 1729 Ribera,
590 1675 828 1718 Societatis
852 1683 1130 1731 procurator,
1159 1676 1289 1718 cuius
1312 1676 1356 1717 in
1375 1691 1451 1718 eas
1475 1677 1686 1731 regiones
1707 1678 1857 1719 uolun-

229 1753 338 1795 taria
362 1761 406 1795 et
430 1753 608 1807 saepius
632 1760 783 1807 optata
810 1753 1042 1807 profectiO,
1065 1761 1154 1794 tam
1174 1753 1384 1795 omnibus
1409 1753 1565 1795 aulicis
1589 1754 1869 1796 admirabilis

230 1829 325 1870 uisa
349 1836 434 1879 est,
461 1842 594 1882 quam
619 1828 821 1870 eiusdem
847 1842 949 1870 cum
969 1828 1246 1883 principibus
1270 1837 1313 1870 et
1333 1829 1638 1871 cardinalibus
1661 1830 1867 1872 ambitio-

229 1905 297 1946 nis
323 1905 503 1946 nomine
527 1912 738 1959 suspecta
771 1904 1047 1946 familiaritas
1076 1914 1119 1947 et
1149 1906 1416 1961 congressio
1449 1914 1555 1947 erat.
1583 1906 1765 1949 Tertius
1794 1915 1860 1950 est

232 1985 280 2024 P.
316 1983 574 2024 Alexander
607 1980 656 2031 ¹²,
690 1981 842 2035 italus,
878 1981 943 2024 uir
973 1982 1150 2024 divinae
1183 1983 1327 2025 laudis
1358 1990 1402 2025 et
1432 1983 1679 2025 animarum
1713 1983 1869 2026 salutis

230 2058 534 2108 auidissimus,
567 2065 611 2099 et
640 2072 772 2112 quem
804 2058 889 2099 illis
920 2058 961 2099 in
993 2058 1104 2100 locis
1128 2059 1303 2102 fidelem
1339 2074 1391 2102 ac
1421 2060 1684 2113 diligentem
1710 2074 1864 2114 opera-

231 2135 366 2188 rium,
395 2136 514 2189 Xpo.
542 2135 673 2185 duce,
701 2136 902 2176 futurum
928 2149 1178 2190 speramus.

326 2224 392 2267 19.
461 2212 593 2253 Nunc
618 2211 821 2265 sequitur
849 2211 1089 2266 collegium
1120 2213 1448 2267 germanicum,
1485 2213 1529 2254 in
1570 2227 1659 2267 quo
1685 2212 1869 2268 triginta

229 2302 283 2329 ex
307 2289 472 2329 nostris
497 2301 600 2329 curn
624 2295 806 2330 centum
831 2295 874 2329 et
897 2289 1134 2341 sexaginta
1158 2289 1495 2331 conuictoribus
1519 2297 1721 2333 manent.
1745 2291 1873 2344 Quo-

232 2378 328 2405 rum
352 2365 540 2407 euidens
564 2364 607 2405 in
632 2364 826 2419 xpianis.
860 2365 1060 2406 moribus
1083 2373 1127 2407 et
1151 2365 1311 2407 studiis
1331 2366 1590 2420 progressio
1611 2368 1774 2408 multos
1792 2367 1868 2407 im-

233 2442 340 2494 pulit
362 2441 482 2483 viros
506 2441 742 2495 primarios
760 2448 805 2484 et
829 2441 1039 2493 illustres,
1065 2450 1112 2483 ut
1131 2457 1186 2484 ex
1204 2443 1395 2485 diuersis
1420 2443 1591 2494 Italiae,
1618 2443 1866 2494 Sardiniae,

230 2517 419 2569 Siciliae,
445 2518 551 2572 quin
576 2525 710 2561 etiarn
739 2517 950 2559 Poloniae
973 2524 1017 2560 et
1040 2518 1313 2561 Germaniae
1343 2520 1468 2573 locis,
1504 2519 1618 2561 filios
1649 2521 1737 2561 huc
1760 2533 1869 2561 suos

234 2593 425 2643 mittere,
459 2602 593 2647 atque
624 2594 668 2635 in
699 2595 817 2636 hanc
845 2593 1024 2648 pietatis
1054 2602 1097 2636 et
1129 2595 1355 2637 literarum
1387 2595 1667 2650 disciplinam
1693 2596 1868 2638 tradere

234 2669 446 2722 gestiant.
482 2671 595 2712 Nam
625 2679 749 2714 certe
785 2670 943 2712 mirum
979 2670 1192 2725 quiddam
1231 2671 1371 2714 uideri
1406 2681 1571 2726 posset,
1609 2687 1741 2726 quam
1780 2672 1870 2714 cito

236 2746 362 2797 pueri
388 2754 431 2786 et
457 2747 764 2790 adolescentes
788 2748 1008 2798 nonnulli,
1028 2761 1218 2801 quorum
1238 2748 1521 2791 insolentiam
1546 2748 1668 2790 domi
1692 2763 1773 2791 nec
1794 2763 1866 2803 pa-

291 2868 313 2885 ¹¹
368 2868 557 2902 Dominus
577 2869 716 2904 Garcia
735 2870 783 2904 de
802 2871 964 2914 Toled0‚
986 2871 1154 2905 marchio
1179 2871 1226 2905 de
1253 2871 1500 2916 villafranca,
1529 2883 1666 2916 prorex
1694 2872 1865 2908 Siciliae.

231 2924 292 2960 Cf.
319 2926 444 2970 Epist.
472 2929 514 2961 Ρ.
534 2929 797 2969 Salmeronis,
819 2929 866 2973 ΙΙ,
887 2938 970 2973 424,
991 2939 1072 2974 427.

289 2984 315 3003 ¹²
369 2985 409 3019 P.
433 2986 656 3020 Alexander
676 2987 797 3024 Valla.
820 2988 1078 3031 SACCHINUS‚
1102 2990 1172 3024 loc.
1194 2989 1275 3033 cit.,
1298 3001 1333 3025 n.
1352 2999 1409 3032 50,
