1971 3276
315 233 383 269 292
822 226 1013 262 PoLANcr
1040 235 1355 262 coMPLEMENTA

265 333 496 369 senatores
514 326 588 380 qui
613 326 928 381 interfuerant,
953 329 1002 370 P.
1030 327 1276 370 Benedicto
1301 326 1332 381 ²,
1356 326 1640 381 Cispadanae
1664 340 1716 369 ac
1740 328 1905 369 Trans-

266 404 469 458 padanae
497 402 671 446 Galliae
697 403 979 458 prouinciali,
1017 405 1250 455 referrent,
1278 403 1498 446 eumdem·
1519 403 1574 446 ad
1604 403 1903 446 constantiam

266 488 310 522 et
347 479 724 535 perseuerantiam
754 479 797 521 in
830 479 913 534 piis
942 494 993 522 ac
1023 479 1323 522 laudabilibus
1355 479 1612 523 ministeriis
1650 487 1693 523 et
1725 480 1904 532 officiis,-

267 565 447 612 propter
466 571 579 610 quae
599 570 765 611 magno
784 556 827 597 in
846 556 996 611 precio
1014 563 1058 599 et
1073 557 1244 599 honore
1263 556 1300 598 is
1319 558 1452 599 Pater
1472 556 1516 598 in
1535 555 1607 598 illa
1625 556 1810 611 regione
1827 558 1903 599 ha-

266 635 415 684 betur,
447 633 667 675 cohortati
697 639 817 676 sunt.
846 633 1153 687 Quamobrem
1177 634 1297 687 quod
1322 633 1511 677 daemon
1538 633 1594 674 ad
1623 633 1895 675 labefactan-

266 711 366 753 dam
406 710 646 754 Societatis
678 709 1053 753 existimationem
1093 724 1144 753 ac
1184 711 1346 752 famam
1388 710 1672 752 machinatus
1710 716 1820 763 erat,
1860 710 1902 752 id
1945 726 1951 734 ⁹

266 790 391 830 Deus
421 788 528 842 Opt.
564 789 683 830 Max.
718 787 773 829 ad
798 787 1000 830 eiusdem
1030 786 1346 829 auctoritatem
1376 794 1420 830 et
1443 786 1701 842 opinionem
1725 800 1901 842 augen-

266 865 367 907 dam
392 864 634 907 conuertit.

360 954 424 994 13.
493 931 577 983 Est⁴
605 941 757 995 itaque
790 941 950 982 mirum
986 940 1109 982 dictu
1143 954 1276 994 quam
1312 941 1538 994 praeclare
1563 947 1606 982 et
1634 939 1896 995 honorifice,

264 1033 366 1061 cum
391 1019 445 1061 de
476 1018 687 1060 uniuersa
719 1017 962 1069 Societate,
990 1025 1085 1059 turn
1120 1018 1176 1060 de
1209 1018 1477 1072 quibusdam
1512 1017 1608 1061 eius
1645 1016 1901 1059 hominibus

263 1109 467 1137 summus
491 1095 694 1150 pontifex
718 1094 896 1145 sentiat;
924 1094 1045 1148 quod
1068 1108 1177 1137 sane
1207 1094 1358 1136 multis
1386 1093 1648 1145 declarauit,
1681 1101 1725 1136 et
1755 1094 1900 1137 decla-

266 1180 331 1214 rat
358 1172 656 1227 argumentis,
682 1180 725 1214 et
750 1171 943 1213 maxime
967 1170 1304 1226 diplomatibus,
1331 1171 1494 1225 quibus
1519 1170 1654 1212 tantis
1683 1171 1796 1213 efert
1819 1171 1897 1214 So-

266 1247 475 1289 cietatem
501 1246 723 1298 laudibus,
745 1253 962 1301 tantoque
982 1245 1131 1288 studio
1150 1246 1426 1301 principibus
1445 1246 1742 1299 commendat,
1763 1260 1901 1300 quan-

269 1332 313 1366 to
332 1338 413 1365 nos
436 1331 591 1378 optare
616 1336 866 1377 possemus;
895 1331 943 1364 ut
968 1337 1111 1378 nuper
1135 1323 1436 1366 intelleximus
1465 1338 1520 1365 ex
1550 1322 1658 1378 ipsis
1687 1322 1902 1378 exemplis
1958 1355 1961 1358 >

267 1401 577 1456 diplomatum,
600 1414 791 1454 quorum
813 1414 902 1441 uno
922 1400 1236 1454 imperatorem
1255 1399 1311 1441 ad
1333 1400 1605 1443 Societatem
1630 1400 1901 1454 amplecten—

264 1478 365 1519 dam
390 1485 432 1519 et
455 1476 697 1519 iuuandam
720 1478 1014 1519 uehementer
1034 1477 1256 1530 hortatur;
1279 1476 1484 1530 alterum,
1512 1490 1601 1530 quo
1626 1476 1798 1517 nullum
1822 1490 1899 1530 po-

264 1554 349 1596 tuit
373 1553 653 1596 commodius
676 1560 753 1595 aut
783 1552 1156 1596 honorificentius
1187 1552 1339 1607 scribi,
1371 1553 1427 1595 ad
1459 1552 1714 1608 Philippum
1746 1566 1899 1608 regem

264 1630 524 1682 transmisit3
555 1630 735 1673 tertium
765 1631 819 1672 ad
839 1629 1113 1673 cardinalem
1139 1630 1484 1682 atrebatensem,
1510 1644 1645 1685 quem
1668 1630 1774 1673 dare
1795 1644 1898 1684 ope·

263 1722 355 1750 ram
380 1707 504 1750 iubet
529 1714 577 1749 ut
600 1707 645 1748 in
669 1706 879 1749 Flandria
904 1705 1108 1750 Societas
1133 1706 1374 1761 recipiatur
1398 1705 1428 1748 ⁸.
1456 1705 1777 1761 Superioribus
1801 1706 1897 1748 die-

262 1787 347 1826 bus
366 1784 645 1827 Florebellus
669 1783 907 1839 episcopus
931 1782 963 1834 ⁹,
992 1799 1016 1826 a
1044 1783 1230 1826 secretis
1252 1783 1477 1838 pontificis
1506 1782 1703 1834 maximi,
1731 1782 1900 1825 litteras

656 1859 724 1879 '10

265 1861 409 1903 nuntii
433 1860 666 1915 apostolici
749 1875 803 1902 ex
822 1860 1066 1903 Germania
1092 1861 1148 1902 ad
1171 1859 1504 1902 sanctissimum
1536 1859 1767 1902 dominum
1793 1858 1899 1901 scri-

264 1946 381 1993 ptas,
416 1938 600 1979 domum
625 1944 822 1979 nostram
850 1936 1061 1979 Patribus
1093 1937 1310 1991 legendas
1339 1936 1480 1988 misit,
1507 1951 1696 1991 quarum
1721 1943 1898 1979 senten-

264 2015 323 2056 tia
346 2016 457 2056 haec
481 2020 593 2056 erat:
620 2013 899 2055 Catholicam
925 2013 1060 2056 fidem
1081 2014 1200 2068 apud
1224 2027 1301 2055 eas
1323 2020 1484 2068 gentes
1502 2013 1742 2057 Societatis
1765 2027 1899 2068 opera

261 2098 306 2134 et
331 2090 565 2145 uigilantia
584 2090 843 2145 sustentari,
871 2097 915 2132 et
938 2089 1117 2132 assidua
1139 2104 1245 2131 cura
1265 2096 1309 2132 et
1332 2089 1485 2133 labore
1503 2090 1716 2145 plurimas
1739 2097 1783 2132 et
1807 2104 1896 2131 ma·

262 2167 403 2210 ximas
424 2167 514 2222 pari
539 2166 797 2209 hominibus
822 2166 1051 2209 utilitates:
1079 2166 1268 2221 prouide
1291 2181 1356 2221 se,
1383 2166 1458 2221 qui
1489 2167 1637 2208 omnia
1665 2166 1726 2208 ibi
1760 2167 1876 2209 colle

262 2245 336 2299 gia
361 2244 556 2295 uisisset,
590 2243 633 2285 in
664 2245 779 2286 hanc
809 2243 1067 2298 opinionem
1103 2243 1281 2294 adduci,
1311 2250 1357 2284 ut
1381 2243 1438 2284 ad
1472 2243 1833 2286 conseruandam
1854 2242 1896 2284 in

261 2321 346 2362 illis
369 2320 613 2376 prouinciis
635 2320 936 2362 orthodoxam
961 2318 1243 2374 religionem,
1266 2320 1565 2373 haeresesque
1590 2319 1810 2362 tollendas
1833 2319 1897 2360 ni-

261 2398 323 2439 hil
347 2405 474 2452 putet
498 2396 687 2452 cogitari
712 2411 842 2451 posse
868 2396 1025 2439 melius
1057 2402 1134 2437 aut
1165 2395 1527 2447 conuenientius,
1555 2410 1688 2450 quam
1719 2396 1755 2439 si
1784 2396 1893 2440 Ger-

338 2552 349 2570 ⁷
401 2551 636 2586 Benedictus
657 2551 840 2585 Palmius.

335 2612 347 2631 s
398 2611 570 2656 Epistola
589 2610 729 2644 summi
745 2608 938 2655 pontificis
959 2607 1006 2642 ad
1026 2608 1297 2653 imperatorem
1312 2607 1598 2643 Ferdinandum
1618 2609 1649 2651 Ι,
1668 2608 1757 2643 data
1775 2608 1796 2642 8
1817 2610 1893 2644 Au-

260 2670 379 2715 gusti,
402 2670 440 2704 in
458 2668 833 2704 commendationem
854 2666 1078 2709 Societatis,
1095 2666 1198 2701 edita
1217 2672 1277 2701 est
1297 2677 1317 2700 a
1336 2667 1694 2711 BRAUNSBERGER,
1716 2666 1788 2711 111,
1810 2667 1894 2702 803-

261 2730 344 2772 804,
365 2740 452 2763 cum
472 2729 723 2773 responsione
743 2726 999 2772 imperatoris.
1017 2725 1228 2770 Epistolam
1254 2736 1345 2760 vero
1365 2725 1412 2759 ad
1431 2725 1663 2771 Philippum,
1682 2726 1893 2772 Hispaniae

263 2799 408 2832 regern,
426 2787 546 2821 edidit
565 2787 842 2828 RAYNALDUS‚
868 2785 1044 2819 Annales
1069 2784 1212 2826 eccles„
1244 2796 1332 2821 ann.
1363 2784 1464 2828 1561,
1486 2796 1527 2819 n.
1561 2784 1618 2820 66.
1646 2784 1818 2819 Tandem
1845 2785 1892 2820 de

263 2846 402 2880 litteris
423 2846 563 2880 summi
588 2844 781 2890 pontificis
807 2843 853 2878 ad
879 2842 1092 2878 Antonium
1118 2843 1306 2878 Perrenot
1336 2842 1384 2877 de
1411 2842 1634 2888 Granve11e‚
1656 2843 1890 2879 cardinalem

262 2905 537 2939 atrebatensem
557 2903 764 2948 (d'Arras),
783 2902 833 2938 cf.
855 2903 1214 2946 BRAUNSBERGER‚
1231 2902 1340 2945 ibid.,
1363 2913 1398 2947 p.
1420 2900 1502 2936 306.

334 2963 347 2981 ⁰
398 2963 524 3008 Episc.
550 2963 767 3001 lavellinus.

316 3022 344 3041 1⁰
396 3023 484 3056 Erat
503 3022 548 3065 is,
571 3026 611 3055 u‘t
632 3023 669 3056 in
688 3021 886 3065 superiore
907 3018 1070 3065 epistola
1088 3020 1371 3063 annotavimus,
1393 3019 1721 3056 Commendonus.
