1971 3276
276 207 345 242 474
796 199 985 235 POLANcl
1011 208 1328 234 COMPLEMENTA

230 300 540 342 hebdomadae
580 307 765 342 sanctae
803 300 894 342 duo
932 301 1132 342 Montem
1161 301 1458 355 Compatrum
1501 315 1604 342 cum
1643 301 1870 345 cardinale

229 376 447 418 Cornario
472 376 504 395 ¹⁰
530 376 735 431 profecti,
762 391 809 418 se
828 383 948 418 totos
972 376 1209 419 utilissime
1233 376 1277 417 in
1302 377 1665 420 confessionibus
1683 378 1869 421 audien-

229 453 311 504 dis,
338 453 676 508 euellendisque
700 452 967 507 capitalibus
991 452 1121 504 odiis,
1149 461 1193 496 et
1217 453 1648 510 supe[r]stitionibus
1668 467 1866 509 occupa-

231 538 348 571 runt.
398 529 689 573 Sodalitatem
728 529 997 571 sanctissimi
1040 530 1322 573 Sacramenti
1357 531 1708 583 constituerunt;
1745 545 1869 586 paro-

229 608 363 648 chum
388 608 443 648 ad
466 606 689 661 xpianam.
723 606 973 648 doctrinam
999 607 1164 661 populo
1199 606 1579 662 interpretandam
1606 607 1866 651 incitarunt.

230 682 482 725 Cardinalis
505 697 612 724 uero
637 682 801 724 auditis
825 683 1137 733 concionibus,
1164 690 1213 725 ut
1242 698 1351 726 suae
1382 684 1586 738 petitioni
1611 698 1662 726 ac
1695 684 1870 728 deside-

230 758 293 800 rio
317 759 597 801 satisfactum
622 759 914 812 significauit,
942 759 1005 801 sic
1028 759 1178 802 omnia
1195 774 1243 802 se
1263 761 1486 803 facturum
1510 761 1733 816 promisit,
1754 775 1870 816 quae

230 834 290 875 illi
313 835 369 876 ad
394 844 559 878 rectam
578 834 727 890 oppidi
750 835 1143 890 gubernationem,
1167 836 1238 878 uel
1263 836 1518 878 necessaria
1538 837 1610 879 uel
1635 837 1759 879 utilia
1778 851 1869 878 mo-

232 911 451 954 nuissent.

325 999 389 1042 15.
462 990 600 1030 Porro
630 989 825 1031 Luniani
856 1003 987 1043 quam
1019 990 1251 1031 fructuose
1283 1004 1360 1044 per
1383 989 1478 1032 dies
1512 989 1699 1032 totidem
1737 990 1869 1033 binae

229 1066 470 1107 conciones
489 1065 668 1109 habitae
694 1065 873 1116 fuerint,
896 1065 940 1106 id
960 1065 1087 1108 facile
1106 1066 1321 1117 declarat,
1344 1067 1464 1121 quod
1479 1066 1690 1122 oppidani
1710 1081 1868 1110 omnes

231 1141 596 1195 praecationibus
619 1142 919 1197 quadraginta
942 1143 1170 1193 horarum,
1197 1142 1269 1185 die
1292 1143 1571 1195 mulieribus,
1599 1150 1734 1186 nocte
1759 1142 1868 1185 uiris

230 1218 474 1270 assignata,
501 1219 649 1260 studio
672 1228 808 1272 atque
830 1220 992 1261 ardore
1010 1219 1145 1260 animi
1172 1219 1505 1262 feruentissimo
1525 1220 1591 1261 usi
1615 1220 1720 1263 sint.
1744 1221 1868 1275 Qua-

232 1308 327 1335 rum
352 1309 404 1336 ea
427 1303 548 1338 certe
573 1295 657 1336 fuit
682 1295 749 1337 uis
768 1303 811 1338 et
835 1295 1010 1350 religio,
1032 1310 1147 1350 quae
1170 1296 1425 1338 inimicitias
1449 1296 1493 1338 in
1514 1296 1666 1338 multis
1690 1311 1779 1338 non
1799 1311 1866 1338 so—

230 1371 321 1412 lum
345 1371 600 1422 extinxerit,
638 1386 790 1414 uerum
821 1372 953 1415 etiam
985 1373 1040 1414 ad
1072 1372 1432 1415 beneuolentiam
1463 1373 1863 1416 consuetudinem-

230 1462 317 1501 que
342 1449 604 1490 traduxerit.
634 1448 830 1491 Vixdum
855 1449 972 1490 enim
999 1449 1165 1490 inimici
1193 1451 1289 1491 Deo
1320 1449 1572 1504 supplicare
1602 1458 1863 1505 coeperant,

230 1538 330 1565 cum
358 1532 482 1565 tanto
505 1526 750 1568 CHRtsTvs
775 1525 949 1567 illorum
974 1534 1155 1581 pectora
1178 1526 1347 1568 lumine
1365 1527 1665 1577 collustrauit,
1693 1534 1741 1568 ut
1759 1527 1865 1569 flen-

231 1608 296 1642 tes
319 1602 374 1642 ad
393 1602 655 1655 complexus
677 1610 926 1653 currerent,
952 1611 996 1644 et
1015 1602 1142 1645 alteri
1160 1603 1216 1645 ab
1240 1603 1380 1645 altero
1404 1603 1581 1646 ueniam
1602 1617 1865 1657 praecaren-

231 1686 317 1719 tur.
343 1679 395 1719 Et
419 1677 628 1732 quoniam
657 1678 832 1731 Marini,
859 1686 994 1733 atque
1017 1680 1157 1721 altero
1180 1680 1224 1720 in
1248 1679 1415 1734 oppido
1433 1680 1555 1733 quod
1573 1680 1863 1722 Montemfor-

231 1754 372 1795 tinum
411 1762 589 1809 uocant,
627 1755 737 1796 nihil
774 1756 1097 1810 propemodum
1131 1757 1187 1797 ab
1221 1756 1273 1798 iis
1307 1756 1539 1798 dissimilia
1573 1763 1701 1811 gesta
1740 1763 1861 1808 sunt,

230 1831 363 1872 unius
386 1832 604 1874 duntaxat
636 1832 873 1886 peculiaris
913 1832 1016 1874 facti
1056 1833 1231 1875 laudem
1271 1833 1519 1888 explicabo.
1549 1833 1725 1876 Etenim
1760 1847 1864 1875 cum

226 1907 358 1950 tertio
384 1909 676 1951 Pentecostes
706 1909 793 1963 die,
827 1916 1085 1950 sanctorum
1121 1910 1405 1963 quorundam
1439 1924 1540 1952 ossa
1570 1910 1862 1952 Montemsor-

227 1984 385 2031 tinum,
415 1986 532 2026 unde
555 1985 800 2039 superioris
823 1985 927 2027 belli
953 1994 1153 2040 tempore
1179 1987 1356 2028 fuerant
1379 1994 1622 2041 asportata,
1644 1987 1862 2029 referren—

226 2067 312 2110 tur,
342 2068 493 2102 tantus
515 2061 663 2103 extitit
687 2062 866 2103 obuiam
891 2063 1167 2117 egredientis
1191 2063 1343 2118 populi
1368 2065 1518 2106 feruor
1540 2071 1584 2105 et
1608 2062 1787 2118 religio,
1815 2070 1863 2105 ut

226 2151 364 2191 quum
388 2138 443 2179 ad
467 2139 622 2180 beatas
646 2138 854 2192 reliquias
884 2147 1151 2193 peruentum
1176 2147 1312 2190 esset,
1342 2139 1415 2182 uix
1441 2140 1557 2181 ullus
1581 2155 1686 2194 prae
1709 2140 1863 2182 dolore

224 2222 267 2255 et
299 2215 630 2269 lachrymarum
673 2214 878 2258 ubertate
908 2216 1118 2270 prosequi
1157 2216 1364 2258 diuorum
1397 2216 1636 2270 praeconia
1670 2217 1858 2268 ualeret;

225 2291 302 2331 sed
328 2291 579 2345 profluente
598 2291 641 2332 in
666 2298 829 2334 terram
854 2292 1090 2346 sanguine,
1117 2293 1267 2334 adhuc
1286 2292 1420 2334 etiam
1439 2306 1487 2334 se
1510 2292 1637 2334 multi
1662 2293 1768 2334 loris
1787 2307 1861 2336 ue-

228 2367 484 2410 hementius
514 2369 745 2422 cederent,
777 2376 821 2410 et
852 2368 956 2424 Xpi.
993 2377 1346 2424 sanctorumque
1379 2383 1508 2424 opem
1539 2376 1583 2412 et
1613 2369 1861 2412 misericor-

224 2443 341 2484 diam
373 2458 528 2485 omnes
559 2458 674 2487 uoce
706 2459 888 2499 prorsus
911 2445 1154 2488 miserabili
1183 2445 1475 2500 implorarent
1503 2446 1859 2488 obtestarentur-

225 2534 327 2573 que.
364 2520 491 2561 Faxit
522 2522 648 2562 Deus
680 2529 727 2563 ut
756 2522 878 2564 nulla
909 2536 1107 2576 unquam
1139 2522 1367 2565 obliuione
1395 2522 1707 2577 gloriosissimi
1741 2522 1859 2565 illius

225 2594 309 2637 diei
337 2597 595 2639 memoriam
615 2597 810 2641 deleant.

320 2672 384 2713 16.
452 2673 620 2715 Verum
645 2674 756 2715 nihil
779 2676 1016 2729 hucusque
1038 2675 1094 2718 de
1118 2675 1374 2718 Veliternis.
1403 2675 1463 2718 Hi
1495 2676 1616 2729 quod
1645 2677 1856 2718 horarum

226 2748 526 2802 quadraginta
550 2751 860 2803 praecationes
882 2752 1210 2802 decreuissent,
1237 2760 1455 2806 cuperent
1483 2752 1567 2793 sibi
1597 2766 1755 2795 uerum
1778 2752 1855 2794 ali-

224 2835 355 2875 quem
380 2831 424 2864 et
447 2825 688 2868 salutarem
713 2827 870 2869 orandi
894 2828 1075 2869 modum
1101 2828 1330 2882 perscribi,
1357 2828 1504 2870 missis
1544 2842 1620 2883 per
1653 2828 1857 2871 decurio·

277 2986 305 3004 ¹⁰
355 2987 526 3021 Aloisius
545 2987 753 3035 Cmnarus,
771 2992 1004 3026 camerarius
1023 2992 1062 3027 S.
1085 2993 1129 3027 R.
1150 2993 1191 3028 E.
