1971 3276
510 211 819 256 EP1ST.74.-31
858 212 1107 247 DECEMBRIS
1146 213 1233 255 1562
1568 213 1636 258 319

47 313 252 366 Cumque
274 311 396 353 illum
421 311 507 353 iam
533 313 690 354 Patres
712 313 766 354 ad
792 313 967 353 fructus
986 312 1029 353 in
1050 326 1197 355 messe
1216 313 1378 368 gallica
1404 313 1683 368 colligendos

46 394 268 443 pararent,
294 387 405 430 febri
428 387 655 442 pestifera,
682 394 727 431 et
753 395 889 430 acuto
915 388 1049 430 simul
1075 389 1226 431 lateris
1249 389 1402 432 dolore
1431 396 1679 444 correptus,

45 463 159 506 intra
186 470 358 519 septem
382 463 476 507 dies
512 464 604 506 uita
627 472 669 507 et
702 464 932 507 laboribus
968 465 1179 507 omnibus
1212 467 1411 518 functus,
1442 467 1497 508 ad
1526 467 1683 509 beatae

45 539 388 582 immortalitatis
418 540 614 596 quietem
639 541 903 596 emigrauit.
933 543 1038 596 Quo
1062 548 1264 598 tempore
1293 557 1509 585 sensuum
1538 550 1582 585 et
1605 542 1684 584 lin-

44 630 160 672 guae
185 630 268 659 usu
287 630 516 671 nunquam
536 617 630 661 fere
648 619 704 660 ad
723 618 929 660 ultimum
952 633 1095 673 usque
1114 618 1319 674 spiritum
1341 620 1500 662 caruit.
1524 620 1683 673 Neque

45 699 191 735 tamen
217 700 306 735 tam
329 700 463 735 acuto
485 701 530 736 et
552 693 719 737 infesto
744 695 900 736 dolore
921 695 1267 750 impediebatur,
1294 710 1383 750 quo
1407 696 1556 739 minus
1588 696 1680 738 lon-

42 782 124 823 gos
147 766 266 811 clara
289 782 401 813 uoce
423 771 479 812 de
510 770 646 813 rebus
672 770 837 813 diuinis
861 785 1091 815 sermones
1121 772 1325 815 haberet.
1354 773 1399 814 [n
1435 771 1598 826 quibus
1620 772 1681 813 ita

42 845 251 901 expedite
274 860 325 888 ac
350 853 473 888 tanta
497 846 633 889 animi
657 847 969 899 contentione,
996 848 1052 891 de
1076 848 1412 892 contemnenda
1437 855 1598 899 morte,
1625 848 1680 890 de

41 922 175 965 animi
200 922 515 974 submissione,
542 924 598 966 de
622 924 850 979 perfectae
875 923 993 966 uitae
1015 923 1323 967 instituendae
1347 924 1519 967 ratione
1542 925 1679 967 disse—

41 999 183 1051 rebat,
206 1006 255 1040 ut
278 1013 490 1053 magnam
514 999 643 1041 nobis
666 999 954 1042 audientibus
976 999 1196 1042 excitaret
1220 999 1580 1051 admirationem,
1603 1015 1678 1043 ne-

41 1089 127 1130 que
152 1075 276 1130 loqui
305 1075 566 1128 moriturus,
593 1077 672 1119 sed
695 1075 813 1118 serio
836 1075 1095 1118 concionari
1128 1075 1376 1120 uideretur.
1414 1077 1623 1131 Cumque
1655 1092 1678 1118 a

43 1154 174 1195 Patre
194 1153 388 1206 quodam
411 1161 658 1208 temperare
681 1153 768 1195 sibi
788 1153 1035 1203 iuberetur,
1058 1167 1114 1195 ne
1135 1158 1223 1194 tam
1244 1152 1418 1196 intenta
1437 1167 1586 1196 rerum
1612 1153 1675 1195 di-

41 1229 246 1272 uinarum
281 1229 574 1273 meditatione
602 1244 767 1285 corpus
791 1230 904 1271 forte
932 1228 1216 1272 debilitatum
1246 1229 1494 1272 infirmitati
1525 1230 1674 1272 minus

44 1306 251 1349 resistere
275 1313 441 1361 posset:
469 1307 560 1358 Ah,
596 1306 755 1361 inquit,
792 1306 891 1361 quis
921 1306 1006 1348 sibi
1036 1319 1157 1347 nunc
1182 1314 1332 1360 posset
1356 1306 1590 1362 imperare,
1619 1321 1675 1349 ne

45 1382 153 1424 illud
177 1382 490 1437 propheticum
515 1390 735 1438 perpetua
758 1382 895 1425 animi
918 1381 1198 1437 cogitatione
1222 1382 1476 1425 meditetur:
1508 1384 1671 1425 Laeta-

44 1465 114 1500 tus
144 1473 243 1501 sum
266 1459 310 1500 in
334 1458 418 1511 his,
446 1473 562 1513 quae
584 1458 705 1502 dicta
728 1465 834 1500 sunt
859 1458 988 1501 mihi?
1006 1466 1094 1502 etc.
1124 1458 1154 1500 ³.

131 1546 172 1589 5.
240 1538 380 1578 Porro
405 1543 452 1578 ut
476 1535 520 1577 hi
545 1536 635 1577 duo
659 1536 833 1586 Patres,
859 1534 942 1577 Dei
966 1534 1198 1587 beneficio,
1223 1535 1278 1577 ad
1301 1535 1541 1578 caelestem
1572 1536 1674 1577 bea-

43 1612 280 1655 titudinem
309 1618 415 1654 sunt
443 1611 637 1663 euocati,
664 1612 725 1653 ita
757 1612 958 1654 eiusdem
988 1610 1271 1666 benignitate
1297 1611 1369 1652 alii
1393 1618 1500 1653 sunt
1524 1611 1673 1666 pristi-

40 1703 124 1731 nae
142 1687 384 1730 valetudini
407 1687 618 1730 restituti.
646 1687 869 1731 Inciderat
892 1687 938 1728 in
963 1687 1169 1729 ultimum
1190 1687 1310 1730 uitae
1333 1687 1594 1740 discrimen,
1616 1689 1673 1729 ob

41 1778 225 1820 grauem
263 1771 307 1806 et
346 1770 627 1807 aestuantem
667 1765 888 1815 morbum,
935 1763 1116 1817 quidam
1155 1777 1212 1806 ex
1242 1763 1421 1805 >nostris
1460 1763 1673 1806 fratribus

40 1846 210 1882 aestate
233 1839 452 1894 proxima,
473 1852 639 1893 magno
661 1839 797 1881 animi
820 1840 1029 1891 candore,
1056 1839 1371 1891 submissione,
1393 1846 1437 1883 et
1461 1839 1673 1882 obedien-

42 1915 127 1958 tiae
145 1914 495 1970 promptitudine
519 1916 605 1967 uir,
627 1914 731 1957 huic
754 1915 945 1970 collegio
968 1916 1025 1957 ob
1049 1923 1189 1958 artem
1214 1915 1496 1967 aedificandi,
1524 1915 1567 1957 in
1588 1930 1674 1969 qua

41 1998 107 2034 est
135 1991 446 2046 peritissimus,
479 2005 571 2034 non
601 2006 758 2046 parum
789 1992 1086 2044 necessarius;
1123 1995 1199 2047 qui
1233 2006 1335 2035 cum
1369 1992 1499 2034 morti
1529 1993 1673 2047 proxi-

41 2082 139 2110 mus
161 2067 246 2109 iam
271 2067 558 2119 iudicaretur,
585 2067 694 2110 iussi
719 2074 824 2110 sunt
848 2069 1008 2111 fratres
1031 2082 1189 2123 preces
1213 2083 1330 2120 suas,
1351 2080 1395 2112 et
1417 2069 1675 2111 sacerdotes

42 2143 256 2186 sacrificia
279 2145 377 2186 Deo
395 2158 474 2198 pro
496 2143 570 2184 illo
594 2145 769 2186 offerre.
798 2145 926 2187 Nona
952 2145 1007 2186 ab
1031 2144 1157 2186 initio
1180 2145 1450 2187 infirmitatis
1473 2144 1560 2196 die,
1588 2159 1675 2199 qua

45 2220 176 2262 febris
211 2227 440 2262 cessatura
475 2219 658 2262 minime
689 2220 941 2272 uidebatur,
975 2221 1051 2263 ubi
1088 2221 1426 2263 sanctissimum
1458 2221 1670 2262 Euchari

43 2295 151 2338 stiae
170 2303 501 2338 sacramentum
521 2297 734 2351 suscepit,
747 2311 850 2339 mox
868 2297 1145 2340 illurrrfebris
1164 2297 1347 2352 dimisit,
1365 2297 1567 2351 liberque
1586 2311 1674 2338 non

43 2372 127 2414 vlla
146 2372 577 2414 medicamentorum
598 2387 748 2428 opera,
771 2374 850 2415 sed
873 2374 969 2416 solo
989 2373 1085 2416 eius
1109 2373 1289 2424 auxilio,
1312 2373 1386 2427 qui
1406 2387 1452 2415 se
1475 2372 1534 2414 illi
1554 2387 1674 2414 com-

44 2448 304 2501 municarat,
326 2449 402 2503 qui
423 2462 529 2491 uere
552 2456 599 2490 ut
617 2448 887 2504 animorum,
909 2449 969 2491 ita
987 2449 1185 2504 corporis
1205 2449 1406 2492 medicus
1424 2456 1508 2503 est,
1530 2450 1673 2490 omni-

44 2539 100 2566 no
119 2525 279 2568 euasit.
307 2525 398 2579 Qui
418 2539 500 2567 nec
527 2525 659 2567 tantis
678 2526 878 2580 corporis
896 2525 1237 2579 fatigationibus
1256 2539 1339 2568 nec
1358 2532 1520 2577 aetate,
1541 2527 1673 2567 homo

45 2601 473 2656 quinquagenarius,
498 2602 659 2653 fessus,
687 2602 742 2644 ad
765 2616 871 2644 suos
890 2603 1064 2644 labores
1088 2609 1177 2643 tarn
1197 2601 1326 2643 rediit
1345 2602 1510 2660 alacer,
1539 2609 1587 2643 ut
1606 2601 1672 2643 ni—

44 2676 103 2718 hil
127 2677 246 2720 aliud
279 2678 475 2729 studeat,
504 2692 636 2732 quam
659 2678 874 2721 Societati
901 2692 988 2732 qua
1011 2677 1152 2732 possit
1176 2692 1311 2732 opera
1341 2678 1572 2732 prodesse;
1600 2679 1672 2719 cui

46 2752 197 2805 uitam,
219 2754 425 2804 salutem,
446 2754 713 2808 laboresque
732 2768 839 2796 suos
862 2768 1018 2795 omnes
1041 2754 1205 2796 debere
1224 2767 1272 2795 se
1290 2753 1515 2809 intelligit.
1538 2755 1672 2808 Quod

47 2829 99 2870 de
128 2829 223 2871 aliis
252 2830 384 2871 etiam
420 2830 630 2872 fratribus
660 2830 1000 2872 coadiutoribus
1034 2830 1121 2871 dici
1154 2831 1284 2884 plane
1319 2838 1482 2884 potest,
1517 2830 1591 2884 qui
1621 2844 1672 2872 ea

116 2994 128 3012 ³³
178 2994 244 3029 ps.
266 2995 365 3037 cxi,
392 3004 419 3029 ι.
