1971 3276
541 208 680 243 EPIST.-
697 205 849 251 72.-31
880 206 1125 240 DECEMBRIS
1156 205 1239 249 1561
1601 205 1672 239 303¹

90 312 217 355 dioso
240 310 485 353 rhetorices
511 307 760 363 composita
779 305 1007 350 recitatur.
1035 305 1330 348 Coadiutores
1348 307 1509 349 fratres
1528 305 1614 347 dici
1629 321 1717 348 non

92 388 239 443 potest
263 391 475 440 quantam
500 398 606 439 prae
629 398 677 426 se
701 383 846 426 ferant
870 382 913 423 in
935 381 1160 424 continuis
1184 381 1412 423 laboribus
1436 381 1715 431 charitatem,

91 478 192 506 cum
205 476 378 516 omneS,
396 468 490 503 turn
510 459 702 502 maxime
720 458 1023 510 caementarii,
1038 472 1213 512 semper
1231 457 1354 512 operi
1374 458 1583 500 faciundo
1601 458 1720 499 domi

92 547 134 584 et
158 540 202 582 in
227 524 421 593 collegio·
441 536 615 579 intenti.
639 534 868 590 Quocirca
893 534 1129 589 egregium
1157 533 1440 576 obedientiae
1464 540 1508 576 et
1531 533 1720 575 submis-

91 616 227 658 sionis
266 614 520 668 exemplum
559 611 838 654 scholasticis
879 611 1111 666 praebent,
1153 625 1177 652 a
1215 610 1380 664 quibus
1409 609 1490 664 ipsi
1524 609 1721 651 uicissim

91 698 290 742 sumunt,
314 704 417 732 cum
442 704 519 733 eos
543 688 712 743 lapides
736 688 1002 739 transferre,
1029 694 1269 741 ceteraque
1298 687 1354 729 ad
1378 700 1507 728 usum
1531 685 1721 728 aedificii

91 775 386 824 comportare,
411 773 453 809 et
474 766 658 809 saedulo
676 765 721 807 in
739 765 950 807 omnibus
969 763 1188 807 inseruire
1207 763 1505 818 conspiciunt;
1533 768 1582 805 ut
1605 762 1697 805 inte
1707 787 1719 791 -v

91 846 172 888 rim
197 859 287 886 non
310 844 455 886 dicam
480 842 697 897 quosdam
717 855 832 894 esse,
853 847 896 883 et
915 840 1095 895 quidem
1115 840 1372 883 sacerdotes
1394 853 1445 881 ac
1463 838 1719 894 magistros,

91 922 166 977 qui
190 922 396 964 Marthae
427 926 591 962 sortem
616 917 952 960 coadiutoribus
977 916 1197 968 inuident,
1220 922 1515 970 optarentque
1540 915 1584 956 in
1607 914 1722 957 eius-

92 998 211 1040 modi
240 996 497 1039 ministeriis
528 995 711 1038 Christo
743 993 936 1047 seruire:
964 993 1083 1047 quod
1108 1008 1133 1035 a
1156 991 1463 1047 superioribus
1486 991 1723 1046 impetrare

91 1074 269 1130 saepius
293 1073 440 1116 conati
465 1079 587 1115 sunt.

182 1152 251 1194 28.
317 1151 472 1194 Solent
502 1155 707 1190 nostrum
737 1145 978 1201 collegium
1011 1145 1250 1199 aliquando
1282 1144 1531 1187 cardinales
1560 1143 1723 1198 aliique

94 1227 279 1284 praelati
303 1235 347 1269 et
378 1225 631 1282 principum
660 1232 860 1266 oratores
888 1230 1022 1277 atque
1047 1221 1287 1277 optimates
1317 1221 1535 1272 inuisere,
1562 1228 1606 1264 et
1635 1235 1722 1262 ma-

93 1320 228 1361 gnam
264 1302 642 1359 significationem
676 1301 783 1343 dare
812 1299 909 1343 eius
939 1300 1192 1354 praeclarae
1223 1298 1463 1353 opinionis,
1496 1312 1629 1352 quam
1670 1297 1725 1338 de

94 1388 246 1424 nostra
278 1381 387 1434 uita,
414 1378 613 1421 moribus
642 1384 686 1421 et
714 1376 917 1419 doctrina
951 1375 1138 1427 habent3
1170 1382 1215 1417 et
1244 1374 1483 1430 plurimum
1514 1372 1723 1416 admirari

96 1464 354 1500 nostrorum
386 1457 573 1498 fratrum
607 1453 940 1496 multitudinem
973 1455 1148 1505 (sumus
1179 1451 1297 1493 enim
1329 1451 1374 1492 in
1404 1450 1596 1505 collegio
1623 1450 1725 1504 plus

93 1544 275 1578 centum
298 1542 341 1576 et
366 1532 635 1588 nonaginta,
664 1538 712 1572 ut
740 1528 859 1572 domi
891 1528 1149 1583 sexaginta,
1177 1527 1220 1569 in
1244 1527 1436 1582 collegio
1459 1525 1721 1582 germanico

95 1611 288 1667 uiginti),
311 1617 355 1651 et
374 1615 541 1651 tantam
562 1607 607 1649 in
627 1614 749 1649 tanta
768 1605 999 1648 nationum
1019 1603 1283 1647 diuersitate
1300 1602 1604 1645 concordiam.
1632 1602 1724 1645 Sed

94 1688 215 1741 quod
237 1701 326 1728 non
359 1684 556 1729 externis
589 1683 739 1734 modo,
771 1682 850 1723 sed
873 1680 1002 1722 nobis
1031 1679 1181 1735 etiam,
1209 1679 1549 1722 admirationem
1585 1677 1724 1719 maxi·
1763 1689 1766 1692 ·

96 1778 211 1806 mam
234 1764 378 1813 affert,
405 1761 512 1803 illud
537 1767 604 1802 est
628 1759 750 1813 quod
774 1772 875 1799 cum
907 1764 996 1798 tam
1027 1755 1153 1798 multi
1177 1755 1317 1797 simus
1340 1755 1384 1796 in
1402 1757 1487 1797 hoc
1510 1754 1721 1807 collegio,

94 1847 138 1883 et
161 1840 307 1882 nullos
331 1839 579 1880 habeamus
603 1842 857 1891 prouentus
883 1840 959 1876 aut
984 1832 1202 1883 redditus,
1229 1845 1459 1887 nunquam
1484 1838 1631 1873 tamen
1658 1845 1723 1873 re-

95 1918 179 1958 bus
202 1914 467 1959 necessariis
489 1925 722 1968 egeamus;
749 1923 1016 1965 semperque
1040 1910 1131 1951 fere
1167 1921 1376 1963 prospera
1403 1915 1582 1950 utamur
1606 1907 1724 1948 uale-

97 1992 268 2043 tudine,
295 1999 344 2033 ut
368 1988 623 2045 paucissimi
647 2001 825 2043 operam
849 1985 1009 2028 medici
1034 1985 1279 2039 requirant.
1307 1986 1466 2038 Neque
1490 1984 1638 2026 minus
1657 1990 1724 2026 est

96 2069 140 2110 in
168 2067 358 2123 singulis
381 2066 515 2108 animi
550 2066 702 2115 robur,
735 2063 942 2105 alacritas
967 2069 1010 2104 et
1041 2061 1206 2104 laetitia
1230 2061 1274 2103 in
1298 2060 1466 2103 Christi
1488 2059 1722 2114 obsequio,

97 2153 139 2187 et
163 2145 382 2187 uirtutum
406 2157 457 2184 ac
481 2140 877 2183 mortificationum
909 2138 1163 2191 contentio,
1191 2152 1301 2193 quas
1325 2151 1458 2192 saepe
1481 2151 1505 2178 a
1528 2136 1723 2191 superio-

99 2222 220 2263 ribus
242 2219 441 2262 studiose
465 2226 599 2273 atque
616 2217 780 2259 obnixe
801 2223 976 2271 petunt,
1000 2222 1046 2257 ut
1066 2215 1199 2270 paulo
1219 2221 1323 2256 ante
1348 2212 1722 2268 significauimus.

100 2297 253 2339 Inuisit
277 2296 410 2340 etiam
433 2309 515 2336 nos
539 2295 677 2337 semel
699 2302 743 2335 et
772 2292 934 2334 iterum
965 2291 1056 2346 illa,
1083 2305 1200 2345 quae
1232 2290 1361 2332 nobis
1393 2291 1508 2330 hanc
1533 2289 1724 2330 insulam

98 2374 297 2425 donauit,
338 2371 585 2414 marchesia
623 2371 678 2412 de
712 2370 863 2420 Valle,
902 2367 1139 2421 uoluitque
1168 2380 1323 2408 omnes
1357 2372 1507 2421 partes
1545 2365 1726 2420 collegii

100 2451 382 2505 perlustrare.
400 2449 557 2501 Neque
579 2461 684 2488 uero
697 2459 879 2501 paruam
899 2444 1045 2498 coepit
1068 2444 1158 2498 [sic]
1177 2444 1453 2497 uoluptatem
1468 2456 1523 2484 ex
1543 2441 1722 2484 aedium

102 2526 346 2568 mutatione
368 2525 413 2566 in
438 2538 600 2566 uouam
626 2524 828 2574 formam,
849 2521 1063 2563 admirata
1085 2519 1382 2573 frequentiam
1407 2532 1626 2559 nouorum
1647 2532 1724 2559 cu-

100 2603 367 2653 biculorum,
399 2600 516 2642 horti
555 2598 952 2655 pulchritudinem,
987 2603 1030 2638 et
1066 2595 1251 2637 aliarum
1282 2594 1609 2636 habitationum
1638 2594 1725 2636 ele-

101 2680 299 2734 gantiam
328 2685 372 2720 et
408 2676 668 2731 religiosum
711 2675 923 2724 nitorem,
950 2686 1001 2714 ac
1036 2678 1211 2726 praeter
1246 2677 1415 2721 cetera,
1442 2669 1725 2711 officinarum

101 2755 480 2806 commoditatem,
506 2760 550 2795 et
584 2752 628 2792 in
663 2750 872 2792 omnibus
903 2748 971 2789 his
1006 2747 1214 2802 parandis
1237 2747 1530 2790 celeritatem.
1568 2746 1726 2798 Neque

104 2831 248 2872 minus
270 2830 331 2871 illi
356 2830 465 2871 mira
489 2828 586 2870 uisa
608 2834 675 2870 est
701 2827 904 2879 fratrum,
931 2838 1044 2878 quos
1068 2837 1173 2865 suos
1197 2822 1314 2864 filios
1337 2822 1560 2877 appellare
1594 2821 1722 2875 solet,

103 2906 333 2957 modestia,
361 2904 616 2954 submissio,
643 2910 687 2946 et
715 2903 912 2956 flagrans
945 2899 1143 2942 studium
1175 2898 1589 2949 mortificationum,
1617 2911 1727 2951 quas

102 2997 132 3023 a
151 2982 340 3037 singulis
363 2981 406 3022 in
437 2980 686 3022 studiorum
719 2977 838 3020 feriis
865 2976 1150 3031 efflagitataS,
1187 2975 1540 3029 descriptasque,
1567 2987 1666 3014 cum
1703 2987 1727 3014 a
