1971 3276
520 206 660 239 EPIST.
693 205 852 249 72.—31
884 207 1132 241 Dsscfflussms
1155 207 1239 250 1561
1582 217 1648 251 291

71 305 337 361 praefectus,
360 293 540 347 cuidam
560 311 736 359 nostro,
765 319 873 348 suae
895 305 1059 347 sororis
1086 306 1191 358 filio,
1214 307 1521 362 superioribus
1544 308 1703 351 diebus

68 381 193 436 dixit,
221 381 525 436 percelebrem
547 395 646 424 esse
670 381 713 423 in
740 382 840 424 aula
863 396 914 423 ac
936 382 1099 436 palatio
1118 382 1362 437 apostolico
1381 384 1543 425 famam
1563 392 1605 427 et
1624 399 1700 426 no-

69 472 169 501 men
204 459 261 499 P.
299 456 600 508 Salmeronis,
637 465 684 500 et
716 472 925 513 magnam
961 465 1005 501 et
1035 459 1306 513 praeclaram
1337 459 1567 501 doctrinae
1605 460 1701 503 eius

67 535 338 590 opinionem3
365 542 525 577 contra
549 549 602 577 ac
631 549 708 590 per
733 549 810 577 eos
834 535 930 577 dies
955 536 1181 578 ferebatur
1204 536 1407 591 Neapoli,
1436 537 1511 579 ubi
1534 539 1589 580 ab
1613 538 1698 580 im-

67 611 217 667 probis
245 625 297 654 30
321 611 484 666 impiis,
518 619 566 653 ut
597 611 840 655 uerisimile
866 619 949 666 est,
976 612 1250 667 hominibus,
1278 620 1322 655 et
1351 614 1582 656 maleuolis
1607 615 1699 669 qui-

66 689 148 730 bus
171 687 348 743 ingrata
381 694 476 731 erat
507 687 674 730 utilitas
707 702 840 742 quam
872 687 988 731 idem
1017 690 1149 731 Pater
1180 688 1240 730 1111
1270 690 1443 731 ciuitati
1473 690 1515 731 in
1546 693 1697 734 haere-

66 764 188 806 sibus
217 763 478 820 praesertim
508 764 774 819 euellendis,
809 766 1038 820 attulerat,
1073 766 1210 807 falsus
1241 780 1392 807 rumor
1421 775 1697 820 manauerat‚

64 855 165 884 cum
204 843 382 884 Patrem
412 840 557 896 ipsum
596 834 857 885 constanter
886 849 1214 897 asseuerarent,
1248 843 1319 884 alii
1358 843 1537 898 quidem
1575 844 1698 886 iussu

64 916 285 971 pontificis
308 916 350 957 in
375 930 522 959 arcem
553 916 699 958 sancti
729 917 898 972 Angeli
923 917 1174 960 coniectum
1199 932 1250 961 ac
1277 926 1462 971 tortum,
1495 918 1567 961 alii
1592 934 1699 962 uero

62 993 326 1036 Gebennam
347 993 534 1036 collecta
551 992 712 1048 grandi
736 993 926 1048 pecunia
950 994 1200 1049 aufugisse,
1225 994 1375 1048 ibique
1399 1003 1557 1037 contra
1580 1010 1697 1037 sum-

63 1083 182 1112 mum
206 1069 461 1124 pontificem
485 1069 757 1113 concionari.
782 1070 898 1112 Cum
919 1069 989 1112 hic
1014 1084 1167 1112 rumor
1191 1072 1246 1113 ad
1266 1086 1347 1113 nos
1364 1072 1606 1114 multorum
1631 1072 1697 1113 lit-

65 1145 167 1189 teris
190 1146 380 1197 delatus,
402 1145 632 1201 comprimi
651 1145 949 1201 extinguique
970 1161 1059 1188 non
1084 1146 1305 1201 potuisset
1326 1147 1575 1202 aliquorum
1601 1148 1698 1189 illu-

63 1222 219 1264 strium
250 1222 448 1264 uirorum
478 1222 727 1277 diligentia,
755 1222 831 1277 qui
863 1223 969 1264 hinc
999 1223 1231 1278 Neapolim
1265 1232 1476 1266 accurate
1500 1225 1695 1279 scripse-

62 1305 159 1341 rant
182 1298 290 1342 illud
320 1312 418 1342 esse
447 1298 703 1342 inuidorum
736 1306 1059 1353 commentum,
1093 1314 1233 1354 seque
1268 1314 1370 1342 cum
1397 1302 1451 1344 P.
1476 1302 1695 1344 Salmero-

62 1389 117 1418 ne
145 1375 314 1417 dudum
346 1375 537 1426 locutos,
564 1388 749 1418 necesse
780 1374 863 1417 fuit
888 1382 936 1417 ut
966 1376 1022 1418 ab
1051 1376 1275 1431 aliquibus
1309 1376 1611 1419 cardinalibus
1635 1384 1699 1419 at-

61 1464 147 1505 que
170 1451 282 1494 adeo
311 1451 474 1494 summi
508 1451 731 1506 pontificis
756 1451 907 1495 uerbis
937 1453 991 1494 ad
1023 1466 1279 1507 proregem,
1312 1453 1514 1507 aliosque
1536 1453 1696 1508 princi·

62 1541 140 1581 pes
165 1528 476 1583 neapolitanos
502 1541 555 1569 ea
578 1528 633 1571 de
657 1542 704 1572 re
720 1527 895 1571 litterae
919 1529 1218 1572 mitterentur.
1245 1529 1384 1572 Aliud
1407 1544 1496 1572 non
1520 1529 1696 1572 absimi-

68 1604 107 1646 le
127 1603 330 1648 Venetiis
349 1604 527 1656 accidit;
549 1610 821 1659 quapropter
838 1604 953 1646 idern
973 1604 1282 1647 sanctissimus
1299 1605 1508 1648 dominus
1526 1620 1578 1647 ac
1596 1605 1696 1660 pius

61 1682 193 1722 Pater
222 1680 416 1735 diploma
439 1680 572 1722 scribi
595 1680 826 1723 mandauit
845 1714 854 1733 ,
879 1682 999 1735 quod
1022 1681 1077 1722 ab
1099 1681 1196 1736 ipso
1214 1681 1489 1736 apostolicae
1512 1682 1630 1725 sedis
1653 1682 1696 1723 in

59 1770 110 1799 ea
133 1757 244 1798 urbe
266 1756 431 1798 nuncio
464 1756 687 1811 frequenti
723 1756 897 1798 senatui
929 1757 1206 1800 redderetur.
1235 1759 1434 1812 Ipsorum
1466 1772 1598 1813 porro
1621 1772 1695 1801 ve-

60 1838 264 1875 netorum
289 1839 511 1875 oratorem
536 1833 591 1874 ad
619 1846 669 1875 se
690 1832 956 1876 accersitum
979 1833 1106 1887 quasi
1124 1833 1263 1876 iratus
1281 1834 1531 1885 admonuit,
1553 1842 1602 1876 ut
1625 1849 1695 1878 ea-

59 1908 159 1951 dem
182 1908 238 1952 de
261 1923 308 1952 re
331 1909 387 1950 ad
409 1915 615 1952 senatum
639 1908 870 1961 scriberet,
896 1909 1026 1963 eique
1051 1909 1327 1964 significaret
1351 1924 1484 1964 quarn
1510 1910 1691 1961 utiliter,

61 1991 316 2039 quantaque
338 1998 440 2027 curn
464 1985 597 2028 laude
620 1985 788 2039 ubique
814 1992 1030 2027 terrarum
1062 1993 1269 2029 uersetur
1292 1987 1507 2039 Societas,
1533 2001 1692 2041 quam·

61 2074 146 2115 que
176 2060 355 2103 assidua
386 2060 528 2116 ipsius
564 2075 696 2116 opera
727 2068 771 2104 et
804 2061 1052 2104 ministerio
1081 2062 1325 2117 apostolica
1354 2063 1485 2105 sedes
1522 2071 1691 2105 utatur.

60 2138 146 2181 Res
170 2143 320 2180 autem
342 2144 438 2179 erat
469 2136 743 2179 huiusmodi:
773 2137 953 2191 quidam
985 2138 1191 2180 11131611011
1221 2146 1297 2180 3111
1327 2138 1518 2180 instituti
1542 2153 1593 2181 ac
1618 2152 1691 2180 re—

61 2227 156 2255 rum
186 2212 426 2257 Societatis
454 2212 624 2268 ignari,
657 2220 734 2255 aut
767 2228 1002 2268 perperam
1034 2215 1197 2269 edocti,
1231 2229 1281 2256 ac
1315 2229 1454 2269 praua
1484 2215 1694 2269 opinione

60 2289 233 2344 imbuti,
256 2289 407 2332 multis
430 2290 508 2331 sed
527 2289 651 2331 falsis
675 2289 938 2332 criminibus
966 2290 1007 2331 in
1034 2297 1192 2333 senatu
1212 2290 1484 2333 Societatem
1509 2290 1691 2332 insimu-

60 2365 216 2418 larant3
243 2379 356 2420 quae
380 2372 528 2408 tamen
553 2365 733 2420 singula
757 2366 914 2409 eodem
941 2366 1038 2421 ipso
1063 2374 1277 2421 tempore,
1306 2374 1353 2408 ut
1382 2368 1479 2409 Deo
1503 2366 1689 2421 placuit,

60 2440 193 2495 aliqui
222 2447 451 2485 senatores
483 2440 679 2496 primarii
710 2456 734 2483 a
757 2442 920 2496 quibus
953 2441 1063 2483 nihil
1092 2442 1239 2484 minus
1270 2442 1368 2496 quis
1392 2449 1688 2497 expectasset,

61 2517 218 2560 acriter
240 2531 292 2559 ac
316 2517 495 2572 copiose
519 2517 787 2569 refutarunt,
814 2532 865 2560 ea
884 2525 1299 2569 commemorantes,
1328 2532 1443 2572 quae
1467 2518 1511 2560 in
1536 2517 1687 2573 publi-

60 2606 160 2635 cum
185 2607 314 2635 usum
343 2600 387 2636 et
410 2594 762 2636 emolumentum
791 2594 1039 2635 animarum
1070 2593 1218 2635 ubiuis
1247 2594 1452 2649 gentium
1486 2593 1690 2637 Societas

61 2669 165 2723 agit.
192 2670 295 2723 Qua
313 2669 492 2723 quidem
516 2684 563 2712 re
587 2669 752 2711 factum
771 2678 853 2722 est,
877 2678 924 2710 ut
948 2669 1007 2710 illi
1030 2669 1374 2713 calumniatores
1395 2678 1438 2713 et
1458 2670 1685 2724 uitupera—

63 2751 178 2787 tores
196 2745 380 2800 turpiter
400 2752 443 2788 et
461 2759 563 2787 cum
583 2746 802 2789 dedecore
821 2746 1198 2788 obmutescerent.
1222 2747 1357 2800 Quod
1378 2760 1479 2788 cum
1504 2746 1687 2800 quidam

63 2859 136 2866 —

62 2925 212 2960 videtur
236 2926 356 2961 fuisse
381 2926 573 2971 josephus
601 2925 853 2972 Cortesonus,
880 2927 944 2972 qui
970 2932 1050 2961 turn
1078 2927 1114 2961 in
1140 2928 1305 2971 collegio
1324 2939 1480 2962 romano
1500 2930 1686 2963 virtutum

61 2983 169 3018 laude
188 2984 362 3020 florebat.
384 2985 643 3029 SACCHINUS,
662 2985 721 3020 Cf.
744 2987 817 3021 loc.
838 2985 919 3027 cit.,
942 2985 1009 3020 lib.
1030 2986 1093 3028 VI,
1116 2998 1152 3020 n.
1174 2985 1209 3032 8,
1230 2987 1344 3031 epist.
1365 2994 1426 3030 74,
1443 2994 1573 3023 anuot.
1597 3001 1629 3034 4.
