1971 3276
298 234 367 268 308
805 234 993 268 ΡΟιΑΝοι
1021 242 1339 268 COMPLEMENTA

250 335 431 387 oratori,
459 348 591 390 quem
613 337 780 377 Romae
803 335 988 388 habent,
1012 349 1089 389 per
1112 334 1282 378 litteras
1306 335 1535 389 mandant,
1560 342 1609 377 ut
1632 342 1773 377 totum
1795 336 1882 377 hoc

250 413 491 468 negocium
522 411 752 466 suscipiat,
784 419 828 452 et
862 425 995 466 quarn
1022 411 1364 466 diligentissime
1399 418 1540 464 curet,
1565 411 1880 466 adhibeatque,

249 489 286 531 si
309 503 422 544 opus
451 489 524 537 sit,
558 487 905 544 au[c]toritatem
931 488 1233 542 quorumlibet
1256 488 1566 541 cardinalium,
1589 495 1724 543 atque
1753 490 1881 541 adeo,

249 566 284 607 si
304 580 375 608 res
400 565 612 620 postulet,
638 566 694 607 ad
719 564 857 618 pedes
888 563 1112 618 pontificis
1140 579 1188 607 se
1212 564 1431 619 proiiciat.
1459 565 1626 607 Omnia
1651 580 1778 620 porro
1802 579 1879 607 ne-

249 642 440 686 cessaria
465 641 708 683 liberaliter
729 640 891 683 ciuitas
914 641 1061 692 offert;
1089 641 1292 696 assignat
1310 642 1428 683 enim
1448 642 1640 698 collegio
1663 643 1707 684 in
1731 643 1885 698 primis

250 720 466 773 templum
490 718 534 759 in
557 717 703 760 media
726 718 833 760 vrbe
856 716 1009 768 situm,
1043 718 1255 773 amplum,
1288 719 1492 773 elegans,
1518 727 1726 761 ornatum
1750 727 1885 774 atque

250 797 538 847 instructum;
581 794 743 838 deinde
781 793 1172 836 commodissimas
1216 795 1350 837 aedes
1390 796 1557 850 templo
1601 796 1882 847 coniunctas,

249 887 418 927 eosque
449 879 701 928 prouentus
727 886 918 924 annuos,
945 870 1022 925 qui
1049 871 1101 914 16
1123 878 1168 913 et
1197 886 1251 913 eo
1280 871 1471 927 amplius
1495 873 1754 916 hominibus
1778 874 1886 915 tole-

252 950 403 993 randis
425 949 534 992 satis
563 949 632 991 sit.
668 950 960 1004 „Quapropter
991 948 1170 990 dabitur
1200 963 1334 1004 opera
1363 964 1420 992 ne
1442 964 1494 992 ea
1520 964 1639 1005 spes,
1672 965 1807 1005 quarn
1840 950 1884 991 in

249 1028 477 1072 Societate
512 1027 697 1077 habent,
736 1026 834 1068 illos
873 1025 1079 1069 homines
1118 1027 1371 1079 frustretur,
1403 1041 1506 1068 cum
1538 1027 1800 1082 praesertim
1831 1028 1888 1070 ad

248 1107 357 1146 haec
383 1103 560 1159 publica
586 1110 688 1145 uota
713 1103 898 1145 accedat
917 1102 1118 1144 studium
1137 1111 1182 1146 et
1205 1103 1447 1146 liberalitas
1471 1105 1715 1146 multorum
1738 1104 1885 1159 priua-

251 1189 395 1223 torum
434 1180 616 1232 ciuium,
657 1188 700 1221 et
741 1179 922 1234 quidem
968 1178 1178 1231 diuitum,
1216 1194 1410 1234 quorum
1449 1180 1521 1222 alii
1559 1180 1887 1223 ecclesiasticos

249 1258 449 1300 redditus
488 1271 567 1299 seu
607 1256 851 1308 beneficia,
885 1256 957 1297 alii
991 1256 1075 1298 alia
1114 1270 1427 1311 quaecumque
1455 1258 1707 1301 necessaria
1735 1266 1886 1311 erunt,

249 1334 448 1378 studiose
474 1334 740 1389 pollicentur
764 1347 815 1375 ac
839 1334 1064 1375 deferunt.
1093 1334 1267 1376 Omnes
1293 1348 1399 1376 uero
1424 1340 1513 1376 tam
1538 1335 1700 1376 bonam
1724 1336 1780 1378 de
1802 1336 1863 1379 So

251 1413 412 1454 cietate
435 1418 743 1466 conceperunt
769 1410 1043 1465 opinionem,
1068 1418 1115 1451 ut
1133 1424 1221 1464 quo
1245 1410 1437 1465 primum
1460 1410 1532 1453 die
1554 1411 1795 1466 collegium
1814 1412 1886 1454 de-

251 1498 422 1532 cretum
453 1496 537 1540 est,
570 1486 813 1541 singularis
846 1486 1081 1529 cuiusdam
1122 1486 1318 1530 laetitiae
1354 1495 1553 1543 apertam
1589 1487 1884 1543 significatio—

250 1580 351 1608 nem
376 1564 544 1620 singuli
567 1563 787 1616 dederint,
818 1571 861 1605 et
892 1563 935 1604 in
969 1578 1094 1618 spem
1128 1563 1424 1606 certissimam
1456 1564 1678 1616 uenerint,
1717 1566 1809 1606 fore
1840 1573 1889 1606 ut

251 1645 335 1684 hac
360 1644 534 1684 ratione
566 1642 690 1683 Deus
719 1640 997 1695 spiritualem
1031 1640 1148 1682 illius
1179 1640 1332 1695 populi
1371 1647 1621 1696 egestatem
1651 1642 1890 1685 subleuare

249 1719 478 1774 dignetur.
505 1717 716 1760 Eiusdem
740 1717 986 1759 sacerdotis
1009 1731 1060 1759 ac
1086 1716 1231 1759 Patris
1254 1731 1404 1772 opera,
1431 1718 1521 1759 duo
1545 1719 1783 1760 asculanae
1808 1731 1886 1761 ec-

251 1796 413 1839 clesiae
432 1794 644 1838 canonici
663 1794 863 1836 animum
883 1794 939 1835 ad
959 1794 1232 1837 Societatem
1251 1794 1550 1849 applicarunt,
1571 1808 1762 1848 quorum
1781 1795 1893 1836 alter

250 1874 336 1915 iam
356 1880 566 1927 receptus
584 1879 665 1923 est,
681 1871 870 1913 alterurn
892 1871 1082 1912 aduersa
1098 1871 1310 1912 ualetudo
1329 1870 1522 1912 inuitum
1541 1878 1753 1913 moratur.
1766 1872 1893 1914 Non-

251 1949 398 1992 nullae
422 1956 653 2003 praeterea
676 1947 947 1997 simultates,
975 1946 1259 1998 inimicitiae,
1286 1946 1617 2001 intestinaeque
1640 1947 1891 1990 discordiae

252 2033 375 2068 ortae
398 2025 512 2067 inter
538 2023 772 2079 primarios
796 2022 923 2064 ciues
945 2036 1000 2064 ex
1024 2023 1162 2065 caede
1186 2030 1503 2078 cognatorum,
1525 2023 1684 2079 partim
1710 2023 1892 2066 omnino

252 2104 454 2145 sublatae
478 2101 660 2144 fuerunt
683 2108 727 2143 et
755 2100 1000 2152 extinctae,
1026 2100 1184 2154 partim
1209 2100 1444 2155 mitigatae
1467 2114 1520 2143 ac
1545 2115 1790 2156 repressae.

343 2180 411 2233 38.
480 2179 636 2232 Nuper
657 2177 860 2232 pontifex
889 2176 1112 2218 maximus
1137 2176 1351 2218 cardinali
1373 2178 1429 2220 de
1451 2179 1623 2232 Monte,
1651 2177 1748 2219 Iulii
1774 2177 1891 2221 tertii

253 2257 449 2307 alumno,
477 2269 610 2310 quem
635 2255 791 2308 Tybur
816 2253 943 2295 iussit
967 2253 1267 2308 commigrare
1293 2253 1344 2306 ¹⁵,
1366 2267 1504 2296 unum
1523 2254 1716 2308 aliquem
1736 2269 1789 2297 ex
1814 2270 1890 2296 no-

253 2332 356 2375 stris
378 2332 564 2386 adiungi
588 2331 746 2374 uoluit.
777 2332 815 2373 Is
842 2343 950 2373 uero
975 2330 1203 2384 profectus
1234 2330 1328 2385 agit
1358 2330 1401 2371 in
1427 2330 1657 2385 tyburtino
1680 2331 1888 2386 collegio,

254 2408 451 2463 quotidie
478 2415 624 2450 tamen
656 2409 749 2451 fere
772 2406 1044 2448 cardinalem
1077 2405 1121 2447 in
1146 2406 1360 2460 proximis
1391 2406 1579 2449 aedibus
1609 2407 1890 2449 habitantem

253 2485 422 2537 inuisit‚
444 2485 520 2540 qui
538 2484 718 2538 quidem
738 2498 792 2527 ex
812 2483 932 2526 uitae
950 2482 993 2524 in
1014 2482 1173 2525 melius
1193 2482 1460 2535 mutatione,
1482 2483 1655 2525 animos
1672 2483 1756 2525 sibi
1777 2484 1888 2525 mul·

254 2570 402 2603 torum
426 2561 643 2612 deuinxit;
666 2571 846 2602 nostrae
864 2568 1014 2603 autem
1035 2558 1273 2602 Societatis
1294 2566 1382 2601 tam
1402 2559 1635 2601 studiosus
1654 2560 1815 2612 euasit,
1845 2568 1892 2602 ut

1495 2634 1526 2654 16

255 2639 398 2692 magis
426 2652 524 2680 esse
557 2652 647 2680 non
679 2636 831 2692 possit.
869 2637 943 2678 Ille
974 2650 1106 2691 porro
1136 2642 1287 2689 noster
1316 2636 1447 2679 Pater
1533 2643 1711 2688 ,rector
1749 2651 1892 2692 nuper

308 2798 335 2817 1⁵
386 2797 638 2832 Innocentius
657 2796 705 2830 de
732 2797 878 2838 Monte,
903 2806 1025 2839 nepos
1053 2793 1288 2839 (adoptivus)
1307 2793 1403 2838 Julii
1425 2794 1493 2840 111,
1522 2806 1542 2828 a
1567 2806 1643 2840 quo
1662 2800 1814 2830 creatus
1834 2802 1893 2829 est

254 2856 457 2890 cardinalis
476 2856 538 2890 die
558 2856 602 2890 30
623 2855 711 2900 Maji
734 2863 836 2898 1550.
861 2853 934 2888 Die
955 2861 998 2897 27
1024 2852 1114 2898 Maji
1146 2852 1235 2896 1560
1261 2852 1440 2886 mandato
1472 2852 1530 2886 Pii
1555 2852 1609 2887 IV
1636 2852 1674 2888 in
1699 2865 1890 2888 carcerem

254 2915 394 2950 missus
414 2920 509 2960 erat,
531 2915 567 2948 in
587 2925 714 2948 arcem
733 2912 867 2947 Sancti
887 2912 1043 2956 Angeli.
1060 2910 1168 2947 Obiit
1187 2910 1208 2944 3
1224 2910 1324 2947 Nov.
1347 2919 1448 2955 1577.
1466 2910 1524 2947 Cf.
1543 2911 1683 2947 Lainz'i
1697 2912 1890 2956 Monam„

255 2973 288 3017 I,
309 2974 388 3017 516,
411 2981 493 3016 5173
515 2973 670 3016 EUBEL,
694 2971 764 3013 III,
785 2971 843 3015 353
867 2971 1058 3013 MERKLE,
1081 2981 1141 3015 op.
1163 2969 1247 3014 cit.‚
1267 2969 1354 3014 345.

309 3032 337 3051 ¹⁶
388 3032 461 3066 Hic
482 3030 603 3065 fuisse
621 3031 776 3065 videtur
798 3031 838 3065 P.
869 3030 1007 3063 Petrus
1027 3028 1216 3072 Pradene,
1238 3029 1302 3074 qui
1325 3039 1440 3074 prope
1459 3028 1575 3063 finem
1595 3029 1708 3075 hujus
1728 3030 1816 3065 anni
1836 3041 1892 3064 re-
