1971 3276
657 216 792 253 EPIST.
812 224 944 259 9z.—4
964 216 1117 250 MARTu
1141 222 1228 258 1504
1623 214 1692 259 439

110 316 269 358 dubito
302 316 408 371 quin
441 315 620 357 aliunde
653 315 934 358 intellectura
966 315 1022 356 sit
1058 317 1112 358 D.
1154 317 1208 358 V.
1246 317 1382 359 Illma.
1425 315 1531 370 quid
1572 317 1738 359 Romae

111 401 289 446 agatur.
332 392 605 434 paucissima
640 399 789 433 tamen
822 392 979 433 addam
1013 406 1128 445 quae
1161 407 1185 433 a
1220 391 1438 446 primariis
1470 391 1736 446 quibusdam

110 468 410 510 cardinalibus
433 467 644 510 intellexi.
672 467 892 511 Nimirum
918 467 1132 522 postulari
1148 467 1335 510 calicem
1358 483 1382 509 a
1400 482 1576 509 summo
1594 467 1739 522 ponti-

110 545 210 595 fice,
236 546 306 586 cui
330 544 568 587 concilium
592 544 636 586 id
659 544 835 598 negocii
859 543 1097 594 commisit,
1129 544 1350 598 simulque
1379 544 1640 599 coniugium
1670 559 1738 588 sa.

109 623 360 673 cerdotum,
388 629 432 663 et
462 629 509 663 ut
537 621 636 663 laici
661 621 831 676 possint
858 620 1131 673 concionari,
1159 628 1203 663 et
1235 619 1277 661 in
1307 620 1434 662 altari
1469 620 1737 666 ministrare.

112 698 209 752 Ego
238 697 417 751 quidem
441 697 645 750 coniicio,
673 697 754 738 tria
780 696 931 739 ultima
962 697 1165 752 proponi,
1192 706 1238 739 vt
1262 699 1419 740 saltem
1445 698 1635 752 primum
1660 700 1735 740 ob-

113 774 320 826 tineatur,
347 782 391 816 et
414 773 529 816 serio
553 788 642 815 non
666 774 814 829 agitur
839 774 922 816 nisi
945 775 1000 817 de
1023 774 1176 825 calice;
1213 782 1256 817 et
1287 788 1488 815 summus
1517 774 1734 829 pontifex,

110 851 214 906 quia
234 851 402 905 reliqua
426 850 470 892 in
494 851 684 892 concilio
704 865 792 893 non
813 852 994 894 fuerunt
1012 851 1230 905 discussa,
1252 852 1306 892 de
1325 851 1388 894 eis
1407 851 1522 892 nolle
1545 866 1592 894 se
1611 851 1735 905 quic-

109 942 242 982 quam
277 936 474 970 statuere
506 927 747 981 significat.
780 928 915 982 Quod
944 928 999 968 ad
1030 926 1213 969 calicem
1242 927 1423 980 attinet,
1458 926 1636 981 publice
1667 941 1737 970 res

113 1013 343 1058 tractatur,
370 1013 414 1048 et
437 1005 607 1060 aliquot
628 1005 878 1048 cardinales
901 1004 1220 1058 designaturus
1239 1002 1435 1044 creditur
1454 1002 1671 1056 pontifex,
1692 1010 1737 1044 vt

108 1082 165 1123 ab
188 1081 268 1136 eis,
295 1081 401 1136 quid
419 1081 632 1132 sentiant,
654 1081 819 1125 audiat.
847 1080 1135 1123 Existimatur
1153 1078 1285 1121 etiam
1306 1078 1523 1120 missurus
1542 1078 1735 1132 aliquem

109 1158 153 1199 in
191 1158 496 1210 Germaniam,
538 1167 581 1199 vt
615 1158 778 1209 videat,
821 1157 984 1212 quibus
1021 1165 1064 1199 et
1098 1155 1203 1210 quid
1236 1154 1253 1179 ¹³
1287 1155 1476 1197 concedi
1511 1154 1732 1209 expediat.

108 1235 244 1277 Hunc
271 1236 362 1277 fore
385 1235 573 1277 Illmum.
604 1237 838 1277 Moronum
864 1233 1190 1276 circumfertur.
1223 1234 1396 1273 Paucos
1419 1246 1517 1273 esse
1542 1238 1649 1286 puto
1673 1231 1736 1272 in-

109 1319 174 1353 ter
206 1310 505 1367 car[dinales],
537 1311 610 1366 qui
645 1310 877 1366 probaturi
913 1310 1001 1352 sint
1035 1309 1162 1351 istam
1197 1307 1573 1359 communionem,
1605 1316 1648 1349 et
1682 1309 1737 1349 de

107 1387 372 1441 quibusdam
397 1387 473 1442 qui
495 1387 765 1430 authoritate
789 1387 1027 1442 plurimum
1054 1384 1253 1441 vale[11t],
1280 1384 1387 1426 satis
1410 1383 1516 1425 mihi
1540 1392 1733 1427 constat.

109 1462 307 1505 Habebit
330 1463 462 1506 etiam
486 1471 759 1504 momentum
783 1462 901 1516 apud
927 1462 1198 1517 pontificem,
1226 1461 1345 1515 regis
1371 1460 1564 1515 Philippi
1589 1469 1632 1503 et
1656 1461 1733 1502 mi-

109 1539 349 1581 nistrorum
369 1539 465 1582 eius
490 1538 746 1594 postulatio,
769 1538 842 1580 cui
862 1538 978 1580 calix
1000 1552 1282 1593 summopere
1306 1537 1525 1592 displicet.
1548 1538 1642 1580 Nec
1665 1538 1735 1579 del

107 1625 212 1657 sunt
236 1615 311 1669 qui
334 1624 528 1670 sperent,
553 1615 655 1658 licet
679 1615 868 1657 maxime
892 1614 1092 1656 mittatur
1117 1612 1353 1655 cardinalis
1372 1614 1600 1667 Moronus⁷
1623 1613 1733 1654 nihi-

108 1700 255 1735 tamen
288 1707 386 1734 esse
409 1692 763 1734 concedendum.
792 1691 956 1734 Omnia
990 1690 1154 1745 dirigat
1186 1690 1267 1732 Dei
1297 1690 1514 1744 sapientia
1537 1698 1580 1732 et
1610 1690 1749 1732 boni-·

107 1779 184 1821 tas,
206 1777 338 1824 prout
358 1769 479 1812 uidet
502 1769 557 1810 ad
581 1768 808 1811 Ecclesiae
831 1782 939 1811 suae
963 1768 1153 1809 salutem
1176 1768 1487 1822 etprofectum
1507 1767 1730 1822 expedire.

192 1858 234 1898 4.
308 1847 439 1888 Pater
469 1854 624 1888 noster
649 1844 929 1900 praepositus
959 1844 1002 1885 in
1028 1858 1195 1898 magno
1224 1843 1340 1885 vitae
1368 1842 1622 1885 discrimine
1652 1843 1734 1885 suit

105 1921 173 1963 his
203 1921 377 1974 diebus,
412 1923 489 1965 sed
523 1921 607 1963 iam
643 1921 803 1964 melius
834 1922 997 1962 habere
1026 1920 1160 1975 cepit,
1198 1920 1301 1962 licet
1325 1920 1522 1961 nondum
1547 1920 1731 1961 omnino

104 2007 229 2041 extra
254 1998 499 2053 periculum
524 2013 622 2041 esse
640 1999 859 2041 videatur.
883 1995 1038 2039 Febris
1057 1995 1173 2036 enim
1195 1996 1341 2037 adhuc
1366 1996 1553 2039 molesta
1571 1995 1731 2051 pergit.

109 2075 230 2117 Bene
255 2082 402 2115 tamen
426 2088 673 2129 speramus,
700 2075 796 2116 Deo
821 2073 1023 2128 propitio.

192 2161 230 2203 5.
300 2152 367 2193 De
392 2151 577 2192 Erasmo
600 2149 793 2193 Dialinio
814 2150 1127 2202 intelleximus,
1148 2150 1267 2203 quod
1288 2150 1402 2192 bene
1420 2150 1660 2191 admodum
1684 2164 1732 2192 se

100 2234 241 2280 gerat,
265 2236 309 2269 et
332 2226 661 2268 commendatio
685 2227 739 2268 D.
767 2228 822 2269 V.
851 2228 1014 2270 Illmae.
1044 2226 1192 2280 faciet,
1222 2235 1267 2267 ut
1293 2240 1444 2267 curam
1469 2226 1565 2268 eius
1588 2226 1727 2280 impo-

100 2310 266 2345 sterum
292 2301 595 2345 sollicitiorem
618 2303 880 2346 habeamus.
914 2304 1089 2346 Salutat
1113 2302 1243 2344 simul
1274 2316 1449 2344 mecum
1476 2303 1527 2344 P.
1560 2301 1731 2343 Natalis

100 2378 155 2420 D.
184 2379 239 2422 V.
270 2379 436 2419 Illmam
460 2393 595 2433 quam
618 2378 880 2430 humillime,
907 2387 950 2420 et
976 2379 1252 2420 tantumdem
1281 2378 1448 2419 faceret
1475 2379 1525 2420 P.
1553 2378 1724 2419 Salme-

99 2468 196 2505 ron,
223 2454 257 2496 si
276 2456 468 2506 adesset;
490 2469 644 2498 verum
664 2455 736 2498 ille
754 2462 770 2480 ⁰
793 2455 972 2498 relictus
994 2465 1060 2497 est
1081 2469 1105 2495 a
1129 2455 1260 2496 Patre
1283 2462 1437 2495 nostro
1458 2452 1724 2508 praeposito,

99 2538 145 2570 vt
170 2531 252 2572 hac
277 2530 618 2585 quadragesima
648 2531 990 2573 concionaretur
1015 2531 1150 2586 (quod
1182 2544 1346 2571 munus
1377 2537 1572 2584 praestat
1600 2543 1724 2585 egre-

98 2606 187 2659 gie,
216 2614 263 2648 ut
287 2605 509 2661 audimus)
533 2607 636 2662 quia
658 2608 748 2649 dux
773 2615 1032 2649 venetorum
1056 2615 1100 2649 et
1123 2606 1196 2647 alii
1221 2605 1417 2661 primarii
1435 2605 1551 2647 illius
1577 2605 1723 2661 reipu—

98 2682 224 2725 bicae
247 2682 369 2726 ciues
392 2683 436 2724 id
459 2683 622 2726 obnixe
645 2684 996 2726 contendebant.

186 2758 357 2800 Omnes
380 2773 614 2814 precamur
638 2761 784 2801 Deum
808 2758 1175 2813 omnipotentem,
1208 2766 1256 2799 ut
1285 2757 1361 2799 diu
1385 2766 1622 2801 conseruet
1657 2758 1720 2800 in·

166 2941 183 2966 b
235 2939 298 2974 Sic
327 2944 488 2985 regest.,·
517 2940 559 2974 in
584 2943 760 2984 autogr„
787 2942 945 2973 tantum
972 2939 1052 2984 legi
1078 2942 1201 2984 potest
1227 2950 1290 2985 qu.
1365 2948 1429 2966 -ο
1456 2940 1632 2975 Venetiis
1657 2940 1722 2975 ille

94 3002 223 3043 regest
