1971 3276
281 228 351 264 626
779 227 966 262 POLANCI
992 234 1309 261 COMPLEMENTA

234 327 380 371 menis
401 326 629 379 attributa,
653 341 742 369 non
765 327 826 369 ita
855 341 880 369 a
904 326 1119 369 ministris
1150 326 1417 376 habebatur,
1446 333 1493 368 ut
1523 326 1593 368 uel
1623 325 1731 381 ipsis
1755 340 1863 369 neo-

236 403 401 459 phytis,
437 405 508 447 uel
536 418 712 446 summo
742 403 944 459 pontifici
975 403 1232 454 satisfieret,
1268 402 1365 445 eius
1398 416 1579 456 quoque
1613 401 1674 445 rei
1707 416 1859 443 curam

237 481 286 524 P.
324 482 381 525 N.
422 479 622 536 generali
660 479 860 535 pontifex
897 478 1247 529 commendauit,
1284 487 1332 521 ut
1365 479 1566 522 nouellas
1603 478 1859 521 huiusmodi

234 557 408 613 plantas
430 557 634 599 doctrina
662 555 906 599 christiana
935 555 1226 610 moribusque
1253 555 1522 598 excolendas
1550 561 1742 597 curaret.
1769 555 1858 596 Ita-

235 648 323 689 que
345 641 557 688 suscepto
581 633 785 688 negotio,
807 632 1076 687 quibusdam
1099 647 1124 675 e
1150 632 1314 675 nostris
1334 646 1432 675 earn
1461 631 1773 676 catechizandi
1796 630 1863 673 in-

234 710 541 764 stituendique
574 709 851 765 prouinciam
882 709 1129 765 delegauit,
1162 709 1299 764 idque
1331 723 1424 751 non
1452 709 1549 752 sine
1582 709 1733 750 fructu
1766 707 1861 750 fieri

233 794 442 842 coeptum
467 795 550 830 est:
578 794 670 830 tota
694 801 757 839 re,
785 795 879 829 tum
902 787 1053 841 quoad
1076 786 1297 841 spiritum,
1324 793 1418 828 tum
1443 786 1590 840 quoad
1614 800 1706 842 rem
1738 785 1860 828 fami·

232 863 402 916 liarem,
439 863 625 920 egregia
654 863 917 907 liberalitate
947 862 1171 918 pontificis
1203 862 1429 906 meliorem
1461 862 1506 905 in
1540 870 1704 905 statum
1740 862 1865 905 resti-

234 948 344 983 tuta.

323 1029 393 1072 32.
460 1017 675 1061 Foemina
697 1017 905 1068 hebraea,
930 1016 1003 1059 cui
1026 1017 1143 1059 duae
1164 1024 1291 1058 erant
1315 1016 1447 1070 filiae,
1474 1015 1592 1058 filius
1624 1030 1757 1066 unus,
1785 1030 1865 1057 no-

233 1094 308 1136 bili
341 1094 517 1137 cuidam
551 1103 782 1136 matronae
816 1092 1058 1145 familiaris,
1092 1093 1352 1135 nonnullam
1381 1093 1437 1135 ad
1466 1092 1710 1135 christiana
1734 1106 1860 1134 sacra

231 1170 366 1213 animi
399 1170 747 1227 propensionem
787 1170 1062 1213 ostenderat.
1106 1169 1335 1224 Quocirca
1374 1176 1580 1211 matrona
1620 1168 1864 1211 accersiuit

235 1262 371 1291 unum
395 1262 418 1290 e
441 1247 622 1301 nostris,
649 1246 778 1289 cuius
799 1261 933 1301 opera
958 1246 1117 1288 mulier
1142 1259 1244 1288 curn
1269 1245 1464 1300 geminis
1488 1245 1665 1287 filiabus
1696 1245 1741 1286 in
1771 1246 1862 1287 Do-

231 1324 401 1367 minum
426 1324 554 1367 facile
576 1323 781 1367 credidit.
809 1323 947 1365 Filius
972 1337 1164 1378 quoque,
1187 1322 1362 1365 tametsi
1388 1322 1606 1378 principio
1627 1321 1858 1377 peruicax,

233 1408 383 1445 tamen
414 1402 698 1456 postmodum
732 1400 882 1444 cessit.
917 1399 947 1441 Ii
977 1414 1134 1443 omnes
1164 1400 1223 1441 ita
1254 1400 1393 1455 probe
1422 1399 1636 1454 deinceps
1665 1398 1859 1441 instituti

232 1484 352 1530 sunt,
380 1484 425 1519 ut
450 1478 624 1533 puellae
647 1477 690 1519 in
714 1476 932 1519 coenobio
951 1491 1050 1519 sese
1068 1477 1284 1519 CHRISTO
1308 1475 1578 1527 dicauerint3
1601 1476 1862 1518 adolescens

231 1562 383 1598 autem
408 1554 506 1609 pius
528 1554 573 1596 in
598 1554 749 1609 primis
773 1568 823 1595 ac
847 1553 1078 1595 modestus
1101 1553 1313 1597 euaserit.

323 1639 392 1680 33.
460 1625 590 1668 Alius
612 1626 851 1677 hebraeus,
877 1624 1057 1667 monitis
1080 1624 1314 1666 cuiusdam
1339 1624 1563 1666 adductus
1587 1631 1635 1665 ut
1654 1623 1860 1665 concioni

233 1702 276 1744 in
313 1703 478 1758 templo
508 1709 661 1744 nostro
690 1703 886 1753 adesset,
923 1715 1066 1756 usque
1099 1716 1152 1744 eo
1185 1710 1415 1757 permotus
1450 1707 1534 1751 est,
1573 1708 1620 1742 ut
1654 1700 1862 1755 priuatim

232 1779 394 1822 deinde
417 1780 550 1834 paulo
573 1778 740 1821 maiore
763 1777 996 1833 diligentia
1019 1777 1254 1821 ueritatem
1278 1778 1482 1831 edoctus,
1510 1777 1565 1819 ad
1588 1777 1859 1826 CHRISTVM,

238 1870 324 1899 una
346 1869 449 1898 cum
475 1869 615 1897 uxore
643 1863 687 1898 et
717 1854 818 1896 filiis
850 1854 1045 1909 (iamque
1075 1854 1287 1909 baptizati
1319 1863 1424 1896 sunt
1454 1854 1643 1909 omnes),
1675 1852 1863 1896 transire

233 1932 458 1975 statuerit.

324 2022 394 2063 34.
463 2008 592 2050 Alius
621 2022 801 2063 quoque
832 2008 1010 2050 iuuenis
1038 2008 1191 2050 audito
1222 2008 1304 2050 Dei
1347 2009 1484 2050 uerbo
1521 2008 1681 2051 habuit
1711 2009 1859 2050 fidem.

235 2087 357 2129 onr
379 2085 476 2129 eius
505 2099 606 2127 cum
635 2085 680 2127 in
710 2094 1003 2139 conspectum
1037 2085 1275 2126 cardinalis
1305 2084 1482 2140 patroni
1512 2087 1861 2128 catechumeno-

234 2177 332 2205 rum
358 2162 572 2214 uenisset,
598 2162 653 2204 de
676 2161 894 2216 religione
912 2161 1148 2217 appellata,
1170 2161 1355 2216 negauit
1374 2161 1612 2217 infantem,
1635 2176 1768 2216 quern
1791 2163 1859 2204 ul—

235 2239 302 2281 nis
325 2239 548 2294 gestabat,
575 2239 772 2281 ablatum
798 2238 849 2280 iri
874 2239 929 2280 ab
959 2252 1026 2289 ea;
1054 2237 1368 2280 minitantibus
1397 2238 1449 2280 iis
1472 2238 1547 2292 qui
1577 2239 1779 2293 aderant,
1807 2240 1862 2280 ad

228 2315 363 2370 pedes
388 2314 580 2370 patroni,
607 2315 732 2369 quasi
756 2314 988 2358 interitum
1017 2315 1113 2357 eius
1136 2322 1370 2369 exoptans,
1394 2314 1634 2356 furibunda
1655 2315 1856 2369 proiecit.

227 2393 291 2434 Ex
315 2392 470 2435 eadem
496 2391 660 2434 familia
685 2399 896 2446 quattuor
924 2391 1027 2434 item
1052 2391 1124 2432 alii
1153 2391 1397 2435 credidere.
1431 2391 1647 2434 Nonnulli
1676 2391 1855 2433 domum

226 2468 414 2512 reuersi.
439 2468 529 2512 Sed
554 2467 785 2510 mulierem
818 2468 949 2510 Pater
979 2468 1052 2510 ille
1081 2481 1213 2521 quem
1237 2481 1371 2522 saepe
1399 2467 1485 2510 iam
1510 2468 1711 2521 nomino,
1740 2468 1858 2523 apud

224 2545 488 2587 christianas
511 2545 720 2598 locatam,
747 2544 917 2587 crebris
945 2543 1334 2586 cohortationibus
1363 2544 1557 2598 denique
1588 2544 1778 2599 peruicit
1810 2553 1859 2586 ut

225 2622 443 2664 crederet.
484 2621 594 2663 Filio
623 2635 673 2663 ac
703 2621 862 2663 marito
897 2628 1100 2675 recepto,
1135 2620 1178 2661 in
1214 2620 1395 2661 domum
1428 2622 1854 2663 catechumenorum

225 2711 327 2739 cum
352 2698 520 2740 eisdem
546 2697 747 2740 secessit.

318 2784 387 2826 35.
455 2774 581 2816 onr
603 2773 839 2815 cuiusdam
863 2772 1076 2827 neophyti
1099 2774 1212 2815 adeo
1235 2773 1439 2828 pertinax
1462 2774 1505 2815 in
1537 2774 1855 2828 superstitione

227 2850 459 2903 haerebat,
499 2857 547 2890 ut
577 2849 698 2904 prius
726 2849 858 2891 obrui
885 2863 1018 2903 quam
1050 2849 1336 2892 christianam
1369 2849 1464 2893 fieri
1493 2864 1592 2892 sese
1621 2865 1850 2905 passuram

226 2925 481 2967 affirmaret.
509 2926 604 2968 Nec
633 2933 780 2968 tamen
803 2926 970 2967 iccirco
996 2927 1129 2968 Pater
1147 2927 1202 2967 ab
1225 2926 1434 2981 incoepto
1457 2926 1644 2970 destitit.
1675 2928 1852 2969 Pericu-

226 3001 316 3041 lum
342 3001 652 3043 conuersionis
675 3001 772 3044 eius
796 3002 1090 3056 desertaeque
1108 3002 1310 3045 iudaicae
1329 3010 1477 3045 sectae
1500 3002 1544 3043 in
1564 3016 1662 3046 sese
1687 3002 1856 3058 recipe-

1467 3108 1481 3130 ὃ
