1971 3276
281 168 301 201 8
784 167 974 204 POLANcr
1000 177 1316 204 COMPLEMENTA

1036 307 1067 356 5

523 427 805 464 POLANCUS
835 427 991 462 PATRI
1019 427 1243 464 IGNATIO
1271 429 1339 463 DE
1367 428 1581 465 LOYOLA

665 531 812 557 MONTE
829 531 972 557 MURLO
1000 530 1041 566 19
1060 531 1268 557 OCTOBRIS
1292 523 1380 568 1546
1407 525 1432 558 ¹.

232 627 262 652 Ι.
298 619 542 652 [ηίενηιίεςίε
564 618 843 663 spiritualibus
869 618 1066 652 exercitiis
1091 618 1231 662 quibus
1256 620 1477 664 episcopum
1501 620 1699 654 Pistoriae
1724 619 1869 654 excole-

304 677 379 718 bat,
401 678 560 723 cogitur
578 677 694 711 adire
720 677 910 722 oppidum
937 676 1309 713 Montemurto.—2.
1340 678 1460 712 Prati
1488 679 1530 712 in
1556 679 1691 724 platea
1719 678 1865 713 concio-

304 740 529 780 natzcr.—3.
561 736 744 770 Firmum
760 747 872 769 suam
889 736 1134 770 voluntatem
1152 737 1439 781 perseverandi
1458 738 1499 771 in
1520 737 1710 773 Societate
1722 743 1871 783 paren-

304 795 405 829 tibus
423 795 658 830 declaravit.

327 903 361 932 1.
429 891 659 944 Comenco
682 890 721 932 61
755 889 913 945 obispo
938 890 951 908 ²
976 904 1000 931 a
1029 891 1164 932 hazer
1186 890 1378 945 algunos
1401 891 1641 934 exercitios
1664 894 1870 948 spiritua·
1924 897 1930 903 '

229 968 310 1018 165,
333 967 488 1021 quales
505 981 560 1008 en
580 981 774 1022 persona
794 967 997 1021 ocupada
1016 981 1087 1010 me
1106 970 1281 1022 parezia
1301 968 1480 1022 6301311,
1501 983 1607 1023 pero
1625 971 1870 1014 sobreuino

231 1060 284 1086 vn
310 1058 414 1086 caso
444 1059 499 1087 en
524 1059 582 1085 vn
615 1045 744 1099 lugar
777 1044 832 1086 de
856 1057 909 1085 su
943 1043 1159 1098 obispado
1189 1057 1277 1097 que
1308 1058 1355 1087 se
1388 1044 1487 1087 dize
1518 1047 1672 1088 Monte
1703 1046 1864 1102 Murlo,

231 1136 318 1175 que
342 1124 416 1164 fue
439 1128 663 1164 menester
686 1135 743 1175 yo
762 1135 832 1163 me
856 1121 1048 1175 llegasse
1070 1120 1155 1162 3113
1179 1135 1235 1163 6η
1260 1128 1384 1162 tanto
1407 1135 1496 1175 que
1519 1137 1567 1165 se
1591 1137 1789 1178 proueya
1813 1125 1868 1167 de

230 1205 367 1249 otros3
395 1198 542 1241 donde
571 1199 634 1240 las
664 1198 813 1240 fiestas
843 1213 871 1253 y
900 1196 1138 1251 domingos
1171 1197 1366 1251 predico,
1392 1213 1420 1252 y
1445 1199 1487 1239 10
1518 1200 1625 1241 hare
1656 1215 1711 1243 en
1744 1209 1869 1242 tanto

229 1290 317 1330 que
341 1278 442 1330 aqui
466 1275 681 1326 stuuiere,
709 1289 796 1329 que
819 1278 919 1317 sera
942 1275 1071 1316 hasta
1099 1274 1293 1329 despues
1322 1274 1379 1318 de
1403 1276 1554 1317 Todos
1577 1276 1786 1319 Sanctos.
1815 1278 1861 1322 Si

230 1362 327 1394 otra
349 1365 453 1394 cosa
477 1366 500 1393 3
525 1352 580 1394 V.
611 1353 662 1395 P.
691 1352 962 1406 paresciere,
989 1354 1127 1393 avran
1151 1351 1207 1393 de
1231 1365 1335 1394 aver
1363 1351 1599 1406 pacientia.

315 1441 355 1471 2.
423 1430 610 1483 Quanto
634 1443 655 1469 a
682 1428 739 1469 mi
764 1427 1020 1482 particular,
1048 1442 1107 1469 vn
1131 1428 1203 1469 dia
1221 1427 1346 1470 desta
1371 1442 1553 1470 semana
1578 1444 1648 1473 me
1673 1430 1823 1485 llegue'-
1842 1446 1867 1472 a

228 1508 363 1548 Prato
387 1520 473 1548 con
503 1505 732 1561 proposito
767 1506 822 1548 de
854 1504 1056 1559 predicar
1085 1519 1140 1548 en
1165 1506 1205 1547 la
1239 1505 1382 1559 plaza‚
1409 1520 1436 1561 y
1467 1507 1614 1548 hizelo
1645 1510 1749 1556 assi,
1776 1522 1802 1562 y
1827 1508 1867 1550 el

229 1583 352 1638 pedir
376 1597 453 1637 por
477 1596 601 1624 amor
625 1583 680 1624 de
704 1581 828 1625 Dios.

316 1673 356 1714 3.
425 1661 466 1702 A
490 1659 573 1700 mis
598 1659 758 1714 padres
781 1660 838 1702 he
861 1658 1099 1700 declarado
1123 1658 1181 1700 mi
1211 1659 1431 1702 intention
1456 1666 1625 1714 quanto
1649 1675 1674 1702 a
1704 1675 1774 1704 ser
1804 1661 1859 1704 (16

225 1738 264 1778 13
295 1738 561 1791 Coinpafiia,
595 1736 631 1778 si
662 1735 770 1777 Dios
802 1750 872 1778 me
902 1735 1069 1776 hiziere
1099 1743 1223 1777 tanta
1253 1736 1431 1789 merced
1463 1751 1550 1791 que
1585 1751 1660 1779 sea
1683 1752 1739 1779 6η
1775 1738 1858 1780 6113

227 1813 449 1855 resciuido
480 1814 511 1865 5;
537 1827 565 1867 y
594 1826 650 1854 6η
681 1813 724 1853 10
755 1812 909 1855 demas
937 1811 1054 1853 dado
1079 1827 1103 1853 3
1132 1812 1350 1855 entender
1376 1826 1463 1866 que
1488 1827 1544 1854 no
1569 1814 1626 1856 he
1648 1814 1703 1855 de
1726 1814 1865 1856 dexar

228 1891 342 1933 nada
365 1890 420 1932 de
443 1891 486 1932 10
518 1904 605 1944 que
630 1902 818 1944 pensare
841 1903 912 1932 ser
945 1890 1086 1931 honra
1116 1889 1171 1932 de
1196 1889 1306 1931 Dios
1340 1904 1419 1944 por
1448 1903 1524 1931 sus
1555 1890 1859 1944 pundonores,

229 1981 406 2020 avnque
436 1967 585 2009 fuesse
616 1972 838 2007 menester
868 1965 1070 2019 predicar
1093 1980 1149 2008 6η
1173 1965 1214 2007 13
1249 1966 1372 2020 plaza
1395 1966 1451 2008 de
1484 1967 1550 2007 105
1586 1967 1867 2009 mercaderes

227 2044 282 2086 de
305 2043 548 2095 Florentia3
574 2058 602 2098 y
626 2044 668 2084 10
699 2042 852 2084 demas
877 2056 964 2096 que
991 2057 1060 2085 me
1087 2042 1305 2097 parescio.

322 2122 375 2162 In
401 2121 631 2175 margine.
666 2119 754 2163 Μ.Ο
791 2119 1007 2173 Polanco,
1040 2119 1094 2161 (16
1126 2120 1283 2162 Monte
1314 2120 1462 2161 Murlo
1493 2135 1518 2161 a
1548 2131 1598 2175 Io
1627 2120 1683 2163 de
1713 2121 1866 2162 Octu-

232 2198 309 2239 bre
339 2198 464 2250 1546.

304 2339 312 2356 ¹
368 2338 423 2371 Ex
443 2338 664 2383 apographo
683 2347 827 2372 coaevo
843 2336 880 2370 in
895 2335 1030 2370 codice
1048 2335 1245 2381 Excerpta
1262 2336 1459 2378 Romana,
1479 2336 1548 2371 fol.
1577 2339 1650 2372 16r.
1670 2338 1872 2383 inscriptio

230 2396 354 2441 deest,
377 2396 445 2431 sed
465 2408 512 2430 ex
533 2396 616 2441 ipso
635 2402 822 2431 contextu
843 2400 1005 2440 apparet
1024 2395 1225 2439 epistolam
1248 2393 1294 2428 ad
1315 2395 1354 2430 S.
1375 2394 1570 2440 Ignatium
1586 2396 1713 2431 datam
1733 2396 1867 2431 fuisse.

304 2459 316 2477 2'
369 2456 601 2502 Episcopum
621 2455 809 2491 Pistoriae
829 2454 1016 2498 intellige.
1039 2452 1098 2487 Cf.
1124 2453 1286 2494 Chron.‚
1309 2453 1338 2497 Ι,
1364 2462 1427 2498 172
1448 2454 1518 2497 (n.⁰
1539 2458 1630 2498 120).

305 2518 317 2535 ¹³
368 2515 397 2549 l.
421 2527 473 2557 6.,
493 2515 538 2549 ad
560 2515 854 2561 professionem.
