1971 3276
240 220 310 257 632
746 221 932 256 POLANC1
960 229 1278 256 COMPLEMENTA

193 322 268 376 plo
294 321 404 364 alios
431 322 485 363 ad
518 321 723 376 publicae
753 321 909 363 salutis
938 335 1092 363 curam
1122 313 1304 376 impelli,
1331 321 1590 364 mirabiliter
1619 321 1822 376 gauisus,

195 413 292 442 eam
313 397 588 454 prouinciam
610 397 772 440 nostris
794 397 1130 441 commendauit
1152 397 1509 453 diligentissime,
1532 406 1577 440 et
1601 412 1704 440 cum
1728 412 1825 453 per-

196 489 406 530 magnam
441 474 658 530 pecuniae
692 488 912 516 summam
952 473 1081 516 iussit
1111 474 1175 517 eis
1199 474 1241 515 in
1266 482 1478 529 sumptus
1500 474 1697 528 attribui,
1734 482 1826 517 tum

196 566 304 595 uero
325 566 408 593 suo
426 551 519 606 ipse
537 565 638 593 aere
656 550 854 592 medicos
872 564 951 593 sex
974 552 1045 594 uel
1062 558 1250 606 septem,
1271 558 1314 593 et
1334 552 1470 606 (quod
1490 553 1630 593 multo
1650 552 1828 594 maioris

196 628 278 671 fuit
299 627 784 682 momenti)pharmaca
804 627 1243 678 omnia‚saccharum
1266 636 1309 671 et
1329 628 1542 683 quicquid
1560 629 1744 670 omnino
1767 629 1826 669 fo-

197 713 262 748 ret
287 719 488 755 necesse,
515 718 570 746 ex
593 704 781 759 ipsamet
805 704 1034 759 pontificia
1053 704 1231 746 officina
1258 705 1476 760 praeberi,
1496 706 1673 762 ipsimet
1698 708 1825 761 phar-

197 782 471 837 macopolae,
500 781 663 823 nostris
682 781 1007 836 praesentibus,
1029 781 1283 836 imperauit.
1305 782 1494 824 Addidit
1511 783 1645 825 etiam
1670 784 1723 825 ad
1748 798 1825 825 ex—

196 865 403 909 tremum,
431 857 467 898 si
491 871 583 900 rem
608 857 812 900 Societas
837 865 989 898 nostra
1019 857 1286 912 susciperet,
1313 871 1360 899 se
1385 858 1540 900 nullibi
1565 845 1826 902 defuturum

194 937 266 977 uel
288 935 325 976 si
349 949 507 976 cruces
533 934 651 989 ipsas
670 934 916 977 diuendere
933 944 1189 990 cogeretur.
1214 936 1310 977 Nec
1328 935 1422 990 ipsa
1447 949 1516 977 res
1539 949 1646 977 sane
1664 934 1824 987 defuit3

192 1026 295 1054 nam
319 1012 497 1066 saepius
534 1012 752 1066 pecuniae
783 1011 931 1067 inopia
962 1012 1285 1063 laborantibus,
1324 1013 1447 1067 larga
1482 1027 1658 1066 semper
1692 1026 1825 1053 manu

195 1089 418 1132 succurrit
443 1089 474 1130 ⁹.

282 1179 354 1223 49.
424 1168 625 1222 Populus
660 1181 840 1221 quoque
879 1181 1108 1221 romanus,
1152 1166 1310 1221 partim
1346 1166 1551 1220 exemplo
1586 1165 1826 1220 pontificis,

195 1244 353 1298 partim
379 1251 633 1286 nostrorum
665 1243 846 1286 monitis
875 1242 1105 1297 incitatus,
1138 1243 1298 1298 partim
1329 1242 1463 1286 etiam
1496 1242 1718 1297 propioris
1747 1242 1828 1284 sibi

191 1333 325 1373 quam
360 1320 563 1371 aduenis,
602 1320 787 1375 periculi
830 1328 951 1363 metu
985 1321 1264 1375 compulsus,
1298 1327 1458 1362 uocata
1496 1319 1539 1360 in
1569 1319 1827 1373 capitolium

193 1396 430 1445 concione,
458 1410 637 1451 panem,
670 1411 869 1448 carnem,
905 1397 1060 1439 uinum
1090 1396 1379 1452 suppeditare
1413 1395 1665 1446 constituit3
1698 1395 1831 1437 certis

195 1473 250 1514 ad
269 1487 366 1515 eam
387 1487 479 1515 rem
498 1472 756 1527 pistoribus,
783 1472 1064 1525 macellariis,
1086 1473 1209 1516 cellis
1228 1471 1411 1514 uinariis
1429 1471 1674 1522 attributis,
1697 1480 1741 1512 et
1760 1485 1831 1513 ca—

197 1549 364 1604 pitibus
388 1549 642 1604 regionum,
664 1564 777 1604 quos
801 1550 1063 1605 caporiones
1087 1550 1330 1604 appellant,
1355 1549 1395 1591 ei
1419 1548 1604 1603 negotio
1629 1562 1710 1602 pro
1737 1556 1830 1589 rata

197 1625 398 1678 portione
422 1626 701 1681 praepositis.
730 1627 846 1668 Tum
872 1626 1007 1668 etiam
1033 1627 1088 1668 ab
1117 1626 1212 1681 ipsa
1243 1625 1444 1677 ciuitate,
1471 1624 1666 1679 collegio
1687 1624 1828 1666 cardi—

195 1703 379 1756 nalium,
417 1702 670 1757 ceterisque
700 1702 1007 1759 magnatibus,
1044 1702 1215 1757 aliquot
1248 1702 1390 1757 gratis
1423 1716 1660 1746 aureorum
1695 1702 1830 1744 millia

195 1788 300 1821 sunt
323 1788 497 1822 coacta.
526 1781 679 1822 Nostri
701 1794 808 1822 uero
831 1794 920 1834 quo
945 1779 1092 1835 magis
1116 1779 1160 1820 in
1185 1793 1318 1834 opere
1337 1779 1647 1833 adiuarentur‚
1669 1779 1831 1822 delecti

198 1864 302 1898 sunt
332 1872 357 1898 a
386 1856 784 1899 conseruatoribus
820 1857 902 1898 XII
937 1856 1018 1898 viri
1054 1856 1279 1911 principes
1314 1856 1526 1907 ciuitatis,
1565 1865 1612 1898 ut
1645 1857 1829 1898 domum

197 1933 323 1975 Pauli
349 1933 509 1975 Bubali
533 1933 734 1987 quotidie
763 1932 1079 1984 conuenirent,
1106 1933 1161 1974 ad
1193 1947 1308 1987 quos
1339 1933 1480 1974 nostri
1513 1941 1561 1975 ut
1590 1933 1828 1987 quicquam

193 2009 432 2053 accidisset
452 2009 687 2061 referrent;
714 2009 797 2064 ipsi
820 2009 984 2052 deinde
1003 2010 1312 2052 consultarent
1332 2017 1467 2064 atque
1485 2010 1602 2053 inter
1620 2025 1718 2052 sese
1738 2025 1832 2051 inu·

195 2100 302 2128 nera
334 2086 672 2130 distribuerent.
705 2085 913 2129 Pontifex
942 2087 1094 2138 etiam,
1133 2094 1180 2127 ut
1209 2094 1327 2128 esset
1361 2086 1417 2129 ad
1451 2101 1582 2140 quem
1618 2089 1663 2129 in
1698 2088 1835 2128 rebus

195 2163 485 2219 grauioribus
510 2163 650 2205 nostri
678 2165 928 2218 confugere
956 2162 1128 2205 facilius
1153 2172 1338 2218 possent
1370 2167 1492 2217 (nam
1523 2172 1672 2206 cetera
1706 2164 1749 2205 in
1781 2178 1836 2205 eo

197 2255 329 2295 quem
368 2240 458 2283 dixi
492 2247 725 2283 conuentu
752 2240 1123 2295 peragebantur),
1152 2240 1411 2283 Gambarae
1439 2241 1653 2283 cardinali
1686 2254 1832 2295 nego-

197 2317 308 2359 tium
327 2316 579 2371 delegauit.

288 2404 358 2447 50.
425 2395 559 2437 Nunc
586 2393 719 2436 uenio
749 2394 803 2436 ad
836 2394 1148 2449 explicandam
1185 2394 1320 2437 huius
1355 2393 1589 2437 ministerii
1624 2402 1667 2436 et
1702 2392 1834 2434 ratio-

199 2484 301 2512 nem
325 2479 369 2512 et
393 2471 608 2514 fructum.
631 2471 747 2513 Cum
767 2478 971 2514 cerneret
993 2473 1043 2513 P.
1068 2472 1124 2514 N.
1147 2471 1372 2526 generalis
1390 2471 1434 2512 in
1455 2470 1729 2514 Societatem
1758 2484 1831 2510 no-

201 2554 354 2597 stram,
379 2555 423 2591 et
448 2547 610 2590 summi
636 2547 858 2602 pontificis
882 2555 924 2589 et
956 2548 1109 2602 populi
1140 2548 1311 2590 romani
1337 2547 1586 2598 uoluntate,
1613 2560 1728 2588 onus
1751 2547 1836 2587 hoc

201 2622 462 2666 uniuersum
487 2623 764 2674 incumbere,
790 2623 911 2665 dedit
936 2638 1116 2679 operam
1151 2632 1197 2666 ut
1231 2624 1364 2666 simul
1394 2631 1438 2666 et
1462 2636 1710 2678 pauperum
1737 2621 1832 2663 ani·

202 2699 361 2740 mabus
383 2706 519 2754 atque
548 2699 828 2755 corporibus,
860 2708 904 2742 et
927 2700 1114 2755 spiritali
1141 2700 1278 2743 totius
1301 2699 1498 2742 ciuitatis
1530 2697 1835 2742 aedificationi

201 2775 470 2817 consuleret.
500 2777 554 2817 Et
573 2775 786 2830 quoniam
811 2776 855 2818 in
881 2783 1006 2818 tanta
1026 2791 1077 2819 ac
1104 2785 1177 2818 tan
1197 2777 1332 2832 longe
1350 2777 1528 2830 lateque
1547 2775 1746 2830 dispersa
1765 2789 1835 2816 ae-

203 2850 480 2904 grotantium
516 2852 804 2896 multitudine
835 2853 994 2895 modus
1025 2861 1069 2894 et
1099 2854 1208 2895 ordo
1237 2852 1550 2908 requirebatur
1585 2851 1630 2892 in
1665 2850 1833 2905 primis,

276 3013 289 3032 9
340 3012 401 3049 Cf.
423 3013 556 3048 itidem
576 3015 958 3059 &Acon-Omont,
978 3017 1043 3060 111,
1069 3015 1172 3054 1003.
