1971 3276
235 222 305 256 036
727 223 917 259 POLAch
936 233 1255 260 COMPLEMENTA

179 323 515 379 comparatione
546 322 726 365 sibimet
759 324 957 378 reliquae
988 324 1187 367 eiusdem
1224 325 1458 368 ministerii
1488 327 1636 369 sociae
1663 327 1819 382 displi-

178 409 349 444 cerent.
386 402 595 454 Cumque
630 400 674 442 in
712 402 1090 444 valetudinarium
1127 412 1317 459 aegrota
1347 404 1501 447 mulier
1531 412 1648 447 esset
1677 405 1824 448 delata

177 486 362 533 aspectu
400 476 618 531 horribili,
659 478 790 520 cuius
832 492 857 520 e
889 493 1077 534 corpore
1113 480 1310 534 undique
1344 481 1577 523 uermiculi
1611 480 1822 524 scaturie-

177 556 301 606 bant,
326 554 488 595 ceteris
513 554 726 596 omnibus
752 555 912 596 oculos
936 570 960 597 a
986 555 1200 599 foeditate
1223 557 1469 611 spectaculi
1494 558 1820 608 auertentibus‚

178 632 344 674 nedum
380 639 626 673 attrectare
663 630 944 682 uolentibus,
983 634 1095 674 haec
1130 647 1219 675 una
1248 647 1383 687 quam
1419 633 1527 688 dixi,
1559 648 1694 676 sensu
1722 633 1826 676 licet

181 709 307 750 ualde
333 715 643 762 repugnante,
668 707 784 749 ulnis
802 716 1037 763 exceptam
1058 709 1100 750 in
1122 710 1260 751 cubili
1279 724 1510 765 reponere,
1531 710 1716 765 suisque
1734 725 1822 752 man

177 784 310 826 nibus
346 783 619 826 uermiculos
650 784 913 839 abstergere
943 800 1031 827 non
1074 786 1264 841 refugit,
1296 787 1565 841 curauitque
1589 787 1821 842 deinceps,

177 861 377 914 quandiu
403 860 569 903 ibidem
595 860 756 902 misera
780 861 854 903 illa
875 862 1136 916 permansit.
1165 863 1374 917 Cumque
1395 863 1438 905 in
1465 863 1586 906 aliud
1612 864 1715 907 inde
1740 880 1819 906 va-

176 937 496 979 letudinarium
521 937 755 992 (proximis
779 952 1063 993 nequaquam
1087 939 1184 981 eius
1210 939 1489 983 uicinitatem
1518 941 1632 983 ferre
1663 942 1821 983 ualen-

175 1014 308 1068 tibus)
328 1014 595 1064 deferretur‚
622 1028 758 1069 aegre
790 1015 879 1068 pati
904 1015 999 1057 uisa
1017 1025 1084 1058 est
1109 1016 1218 1071 eripi
1243 1016 1328 1059 sibi
1353 1018 1468 1058 hanc
1494 1018 1814 1061 benemerendi

176 1091 422 1142 materiam;
452 1091 711 1145 praesertim
737 1092 857 1145 quod
883 1103 1114 1135 uereretur
1138 1109 1194 1136 ne
1218 1094 1293 1148 qui
1317 1108 1416 1136 eam
1441 1108 1594 1136 curam
1619 1094 1818 1150 suscipe-

176 1176 258 1218 ret,
286 1182 374 1209 non
401 1167 528 1209 facile
551 1167 848 1212 inueniretur.
878 1170 1044 1211 Eadem
1070 1184 1192 1212 nunc
1212 1171 1515 1225 poenitentiae
1535 1180 1816 1213 sacramenta

178 1246 446 1298 frequentat,
473 1253 516 1285 et
540 1244 648 1297 cito,
678 1252 725 1286 ut
749 1245 991 1295 credimus,
1022 1247 1139 1288 bono
1162 1247 1355 1302 cuipiam
1383 1247 1478 1289 uiro
1510 1247 1710 1301 legitime
1735 1262 1814 1289 co·

181 1321 423 1375 pulabitur.

268 1408 338 1451 57.
406 1397 507 1440 Alia
532 1397 690 1441 mulier
713 1398 818 1439 dolo
848 1413 871 1440 a
903 1407 1153 1453 conspectu
1183 1414 1369 1442 suorum
1401 1400 1457 1442 ad
1483 1408 1658 1455 turpem
1685 1401 1819 1442 uitam

179 1474 388 1527 abducta,
420 1474 552 1516 unius
589 1490 613 1517 e
652 1475 816 1516 nostris
855 1490 991 1517 suasu
1033 1477 1236 1531 resipuit3
1279 1477 1507 1519 nobilibus
1548 1477 1816 1531 quibusdam

178 1550 395 1592 matronis
421 1551 635 1605 templum
662 1560 864 1593 nostrum
891 1552 1179 1602 frequentare
1203 1554 1344 1594 solitis
1367 1555 1697 1606 commendata,
1729 1570 1818 1596 non

178 1628 310 1669 inodo
336 1627 485 1681 quoad
510 1627 709 1681 corporis
734 1628 987 1680 commoda,
1014 1630 1094 1672 sed
1112 1630 1244 1671 etiam
1266 1631 1412 1684 quoad
1433 1632 1621 1673 salutem
1643 1632 1816 1674 animae

177 1705 232 1744 ab
256 1704 342 1745 illis
365 1703 515 1745 adiuta
539 1712 622 1745 est.
651 1704 849 1759 Quippe,
876 1704 1051 1747 illarum
1075 1720 1228 1758 suasu,
1256 1715 1446 1761 purgata
1471 1722 1548 1762 per
1572 1708 1814 1750 confessio-

178 1795 278 1822 nem
303 1780 482 1835 saepius
507 1781 800 1833 conscientia,
832 1781 1028 1835 denique
1056 1783 1235 1825 arctiori
1266 1783 1529 1838 disciplinae
1553 1785 1597 1826 in
1628 1800 1814 1828 conuer-

176 1871 325 1898 sarum
353 1857 572 1899 coenobio
595 1864 756 1911 sponte
781 1872 828 1900 se
852 1858 1049 1901 tradidit.
1081 1860 1223 1902 Multa
1258 1860 1301 1901 in
1333 1875 1386 1903 eo
1420 1874 1588 1916 genere
1612 1863 1817 1904 consulto

179 1940 425 1986 praetereo.
456 1935 528 1975 Ad
552 1948 791 1985 summam,
818 1936 903 1976 hoc
928 1936 1046 1978 dico:
1071 1951 1162 1979 rem
1182 1938 1297 1978 hanc
1318 1938 1576 1980 uniuersam
1601 1954 1624 1980 a
1649 1948 1816 1981 cuncto

179 2011 343 2064 populo
367 2009 581 2053 maiorem
602 2010 645 2052 in
673 2011 855 2052 modum
879 2013 1188 2066 approbatam3
1217 2021 1264 2055 ut
1289 2014 1414 2055 multi
1446 2016 1700 2059 obtrectare
1732 2031 1814 2057 an-

179 2095 249 2128 tea
272 2086 406 2138 soliti,
434 2094 604 2128 mutata
623 2087 805 2130 demum
826 2089 1068 2141 sententia,
1093 2104 1190 2131 sese
1211 2090 1265 2131 ad
1285 2098 1483 2132 nostram
1503 2091 1743 2134 amicitiam
1767 2106 1818 2134 ac

178 2163 523 2205 familiaritatem
549 2164 856 2206 adiunxerint.

265 2240 354 2282 Sed
378 2239 463 2281 iam
490 2254 648 2283 uereor
671 2255 726 2282 ne
751 2255 966 2296 magnum
991 2241 1121 2284 nimis
1152 2243 1196 2284 in
1226 2245 1435 2286 uolumen
1460 2255 1694 2288 excrescat
1726 2245 1816 2300 epi-

177 2317 305 2359 stola.
334 2316 563 2371 Quocirca
594 2318 810 2359 nonnulla
839 2332 954 2372 quae
983 2319 1180 2363 scribere
1203 2321 1458 2375 cogitabam
1490 2322 1658 2376 adhuc,
1687 2337 1814 2377 prae—

182 2393 440 2434 termittam.

267 2469 338 2522 58.
412 2470 541 2512 Multi
577 2470 711 2512 uariis
745 2471 854 2513 locis
887 2472 1072 2526 praelati
1097 2487 1148 2515 ac
1177 2474 1395 2528 dynastae
1429 2475 1621 2529 collegia
1648 2474 1818 2530 efflagi-

177 2553 270 2586 tant
293 2546 576 2590 deducenda:
612 2548 895 2590 Olomutium
927 2548 971 2590 in
1004 2550 1206 2592 Morauia
1234 2550 1282 2601 ¹¹3
1313 2551 1568 2593 Trebonam
1594 2551 1638 2592 in
1664 2553 1814 2594 Bohe-

177 2622 278 2672 mia3
300 2622 343 2662 in
365 2623 616 2664 Franconia
636 2624 934 2678 Herbipolim3
956 2625 1130 2679 Spiram
1154 2626 1198 2667 in
1224 2626 1369 2669 Rheni
1391 2627 1639 2681 prouincia;
1661 2628 1716 2669 ad
1735 2628 1817 2669 Fa-

177 2711 283 2738 num
309 2697 363 2739 D.
394 2699 658 2752 Audomari‚
686 2700 1015 2755 Leodiumque,
1041 2701 1085 2743 in
1111 2702 1308 2744 inferiori
1331 2703 1591 2754 Germania;
1619 2704 1675 2746 ad
1695 2705 1812 2746 Tau—

178 2771 314 2823 rinos,
341 2774 384 2814 in
409 2775 672 2829 subalpinis,
697 2777 788 2819 Sed
812 2792 882 2820 res
904 2777 1070 2820 iccirco
1092 2778 1312 2833 differtur,
1340 2793 1397 2823 ne
1422 2781 1548 2834 plura
1573 2794 1706 2834 quarn
1731 2794 1811 2835 pro

249 2897 273 2914 ¹¹
328 2897 385 2930 De
409 2898 480 2931 hoc
504 2899 683 2943 collegio,
706 2906 744 2934 et
769 2899 817 2934 de
845 2901 1109 2946 herbipolensi
1131 2913 1221 2935 mox
1240 2902 1423 2947 notando,
1452 2903 1533 2947 agit
1555 2903 1814 2947 SACCHlNUS,

178 2965 212 2999 p.
234 2954 302 2997 III,
324 2957 348 2992 l.
369 2956 418 2999 ΙΙ,
439 2968 475 2991 n.
496 2957 541 2991 30
561 2964 600 2992 et
619 2961 678 3003 όῐς
698 2960 763 3005 qui
784 2972 829 2994 eo
846 2960 882 2995 in
904 2962 1002 2995 libro
1023 2962 1142 2996 multa
1161 2963 1234 2996 alia
1253 2962 1369 3008 hujus
1388 2963 1576 3008 epistoiae
1594 2969 1746 3008 tractat,
1767 2970 1808 2998 ut

170 3012 252 3057 jam
270 3013 439 3049 diximus
460 3016 496 3049 in
520 3024 652 3052 annot.
678 3026 709 3052 1.
