<?xml version="1.0" encoding="UTF-8"?>
<!DOCTYPE html PUBLIC "-//W3C//DTD XHTML 1.0 Transitional//EN"
    "http://www.w3.org/TR/xhtml1/DTD/xhtml1-transitional.dtd">
<html xmlns="http://www.w3.org/1999/xhtml" xml:lang="en" lang="en">
 <head>
  <title>
</title>
<meta http-equiv="Content-Type" content="text/html;charset=utf-8" />
  <meta name='ocr-system' content='tesseract 3.04.00' />
  <meta name='ocr-capabilities' content='ocr_page ocr_carea ocr_par ocr_line ocrx_word'/>
</head>
<body>
  <div class='ocr_page' id='page_1' title='image "./polancicomplemen06pola_0658.png"; bbox 0 0 1971 3276; ppageno 0'>
   <div class='ocr_carea' id='block_1_1' title="bbox 264 204 1318 239">
    <p class='ocr_par' dir='ltr' id='par_1_1' title="bbox 264 204 1318 239">
     <span class='ocr_line' id='line_1_1' title="bbox 264 204 1318 239; baseline 0.001 -1"><span class='ocrx_word' id='word_1_1' title='bbox 264 204 334 239; x_wconf 82' lang='lat'>616</span> <span class='ocrx_word' id='word_1_2' title='bbox 786 204 974 239; x_wconf 84' lang='lat' dir='ltr'>POLANCI</span> <span class='ocrx_word' id='word_1_3' title='bbox 1001 213 1318 239; x_wconf 75' lang='lat' dir='ltr'>COMPLEMENTA</span> 
     </span>
    </p>
   </div>
   <div class='ocr_carea' id='block_1_2' title="bbox 216 303 1862 3036">
    <p class='ocr_par' dir='ltr' id='par_1_2' title="bbox 216 303 1862 959">
     <span class='ocr_line' id='line_1_2' title="bbox 218 303 1855 361; baseline 0.002 -15"><span class='ocrx_word' id='word_1_4' title='bbox 218 303 549 346; x_wconf 87' lang='lat' dir='ltr'>confessionem</span> <span class='ocrx_word' id='word_1_5' title='bbox 573 303 812 345; x_wconf 88' lang='lat' dir='ltr'>criminum</span> <span class='ocrx_word' id='word_1_6' title='bbox 840 304 1073 346; x_wconf 90' lang='lat' dir='ltr'>absolutus</span> <span class='ocrx_word' id='word_1_7' title='bbox 1099 320 1124 347; x_wconf 93' lang='lat' dir='ltr'>a</span> <span class='ocrx_word' id='word_1_8' title='bbox 1153 319 1287 361; x_wconf 89' lang='lat' dir='ltr'>noxa,</span> <span class='ocrx_word' id='word_1_9' title='bbox 1313 306 1529 349; x_wconf 87' lang='lat' dir='ltr'>continuo</span> <span class='ocrx_word' id='word_1_10' title='bbox 1556 321 1672 361; x_wconf 87' lang='lat' dir='ltr'>sese,</span> <span class='ocrx_word' id='word_1_11' title='bbox 1697 308 1732 350; x_wconf 89' lang='lat' dir='ltr'>si</span> <span class='ocrx_word' id='word_1_12' title='bbox 1763 309 1855 350; x_wconf 89' lang='lat' dir='ltr'>uita</span> 
     </span>
     <span class='ocr_line' id='line_1_3' title="bbox 218 379 1851 436; baseline 0.003 -14"><span class='ocrx_word' id='word_1_13' title='bbox 218 387 496 435; x_wconf 83' lang='lat' dir='ltr'>suppeteret,</span> <span class='ocrx_word' id='word_1_14' title='bbox 518 379 734 423; x_wconf 88' lang='lat' dir='ltr'>Societati</span> <span class='ocrx_word' id='word_1_15' title='bbox 753 388 934 423; x_wconf 88' lang='lat' dir='ltr'>nostrae</span> <span class='ocrx_word' id='word_1_16' title='bbox 958 381 1159 424; x_wconf 90' lang='lat' dir='ltr'>deuouit.</span> <span class='ocrx_word' id='word_1_17' title='bbox 1187 383 1530 436; x_wconf 77' lang='lat' dir='ltr'>Ingrauesceste</span> <span class='ocrx_word' id='word_1_18' title='bbox 1559 392 1710 427; x_wconf 88' lang='lat' dir='ltr'>autem</span> <span class='ocrx_word' id='word_1_19' title='bbox 1737 399 1851 427; x_wconf 90' lang='lat' dir='ltr'>mor·</span> 
     </span>
     <span class='ocr_line' id='line_1_4' title="bbox 218 454 1851 515; baseline 0.002 -18"><span class='ocrx_word' id='word_1_20' title='bbox 218 457 295 506; x_wconf 91' lang='lat' dir='ltr'>bo,</span> <span class='ocrx_word' id='word_1_21' title='bbox 333 470 436 497; x_wconf 89' lang='lat' dir='ltr'>curn</span> <span class='ocrx_word' id='word_1_22' title='bbox 468 455 554 497; x_wconf 91' lang='lat' dir='ltr'>iam</span> <span class='ocrx_word' id='word_1_23' title='bbox 587 454 705 498; x_wconf 91' lang='lat' dir='ltr'>uitae</span> <span class='ocrx_word' id='word_1_24' title='bbox 727 455 830 497; x_wconf 88' lang='lat' dir='ltr'>finis</span> <span class='ocrx_word' id='word_1_25' title='bbox 859 457 1256 511; x_wconf 83' lang='lat' dir='ltr'>appropinquaret,</span> <span class='ocrx_word' id='word_1_26' title='bbox 1283 458 1424 513; x_wconf 89' lang='lat' dir='ltr'>cupiit</span> <span class='ocrx_word' id='word_1_27' title='bbox 1457 472 1622 515; x_wconf 92' lang='lat' dir='ltr'>corpus</span> <span class='ocrx_word' id='word_1_28' title='bbox 1653 475 1783 502; x_wconf 88' lang='lat' dir='ltr'>suum</span> <span class='ocrx_word' id='word_1_29' title='bbox 1808 460 1851 502; x_wconf 89' lang='lat' dir='ltr'>in</span> 
     </span>
     <span class='ocr_line' id='line_1_5' title="bbox 217 533 1853 588; baseline 0.002 -14"><span class='ocrx_word' id='word_1_30' title='bbox 217 547 338 574; x_wconf 90' lang='lat' dir='ltr'>nouo</span> <span class='ocrx_word' id='word_1_31' title='bbox 368 533 534 587; x_wconf 89' lang='lat' dir='ltr'>templo</span> <span class='ocrx_word' id='word_1_32' title='bbox 566 539 711 574; x_wconf 87' lang='lat' dir='ltr'>terrae</span> <span class='ocrx_word' id='word_1_33' title='bbox 734 533 953 587; x_wconf 90' lang='lat' dir='ltr'>mandari,</span> <span class='ocrx_word' id='word_1_34' title='bbox 980 533 1116 588; x_wconf 92' lang='lat' dir='ltr'>inque</span> <span class='ocrx_word' id='word_1_35' title='bbox 1139 534 1388 576; x_wconf 83' lang='lat' dir='ltr'>subsidium</span> <span class='ocrx_word' id='word_1_36' title='bbox 1415 536 1591 587; x_wconf 91' lang='lat' dir='ltr'>domus,</span> <span class='ocrx_word' id='word_1_37' title='bbox 1614 536 1700 578; x_wconf 91' lang='lat' dir='ltr'>alio</span> <span class='ocrx_word' id='word_1_38' title='bbox 1725 537 1853 578; x_wconf 91' lang='lat' dir='ltr'>nullo</span> 
     </span>
     <span class='ocr_line' id='line_1_6' title="bbox 217 608 1854 669; baseline 0.002 -19"><span class='ocrx_word' id='word_1_39' title='bbox 217 616 492 664; x_wconf 90' lang='lat' dir='ltr'>prouocatus</span> <span class='ocrx_word' id='word_1_40' title='bbox 510 608 674 660; x_wconf 88' lang='lat' dir='ltr'>officio,</span> <span class='ocrx_word' id='word_1_41' title='bbox 695 609 813 651; x_wconf 89' lang='lat' dir='ltr'>bona</span> <span class='ocrx_word' id='word_1_42' title='bbox 834 623 916 651; x_wconf 89' lang='lat' dir='ltr'>sua</span> <span class='ocrx_word' id='word_1_43' title='bbox 935 617 1206 652; x_wconf 88' lang='lat' dir='ltr'>testamento</span> <span class='ocrx_word' id='word_1_44' title='bbox 1226 611 1422 666; x_wconf 89' lang='lat' dir='ltr'>reliquit.</span> <span class='ocrx_word' id='word_1_45' title='bbox 1446 612 1538 655; x_wconf 90' lang='lat' dir='ltr'>Alii</span> <span class='ocrx_word' id='word_1_46' title='bbox 1554 627 1749 668; x_wconf 90' lang='lat' dir='ltr'>quoque,</span> <span class='ocrx_word' id='word_1_47' title='bbox 1768 613 1854 669; x_wconf 92' lang='lat' dir='ltr'>spi·</span> 
     </span>
     <span class='ocr_line' id='line_1_7' title="bbox 219 685 1852 742; baseline 0.002 -14"><span class='ocrx_word' id='word_1_48' title='bbox 219 685 306 728; x_wconf 90' lang='lat' dir='ltr'>ritu</span> <span class='ocrx_word' id='word_1_49' title='bbox 329 685 527 727; x_wconf 88' lang='lat' dir='ltr'>caritatis</span> <span class='ocrx_word' id='word_1_50' title='bbox 544 685 740 740; x_wconf 90' lang='lat' dir='ltr'>impulsi,</span> <span class='ocrx_word' id='word_1_51' title='bbox 767 687 924 728; x_wconf 90' lang='lat' dir='ltr'>eodem</span> <span class='ocrx_word' id='word_1_52' title='bbox 948 686 1094 728; x_wconf 87' lang='lat' dir='ltr'>uarias</span> <span class='ocrx_word' id='word_1_53' title='bbox 1116 688 1409 730; x_wconf 83' lang='lat' dir='ltr'>eleemosinas</span> <span class='ocrx_word' id='word_1_54' title='bbox 1425 690 1673 742; x_wconf 87' lang='lat' dir='ltr'>contulere,</span> <span class='ocrx_word' id='word_1_55' title='bbox 1698 699 1745 731; x_wconf 85' lang='lat' dir='ltr'>ut</span> <span class='ocrx_word' id='word_1_56' title='bbox 1765 690 1852 732; x_wconf 90' lang='lat' dir='ltr'>iam</span> 
     </span>
     <span class='ocr_line' id='line_1_8' title="bbox 216 761 1862 822; baseline 0.004 -17"><span class='ocrx_word' id='word_1_57' title='bbox 216 766 344 806; x_wconf 89' lang='lat' dir='ltr'>locus</span> <span class='ocrx_word' id='word_1_58' title='bbox 366 761 538 804; x_wconf 81' lang='lat' dir='ltr'>alendis</span> <span class='ocrx_word' id='word_1_59' title='bbox 569 762 793 817; x_wconf 81' lang='lat' dir='ltr'>capitibus</span> <span class='ocrx_word' id='word_1_60' title='bbox 825 764 911 805; x_wconf 90' lang='lat' dir='ltr'>XX</span> <span class='ocrx_word' id='word_1_61' title='bbox 935 763 1145 815; x_wconf 88' lang='lat' dir='ltr'>sufficiat,</span> <span class='ocrx_word' id='word_1_62' title='bbox 1174 765 1294 819; x_wconf 91' lang='lat' dir='ltr'>quod</span> <span class='ocrx_word' id='word_1_63' title='bbox 1325 764 1457 807; x_wconf 90' lang='lat' dir='ltr'>etiam</span> <span class='ocrx_word' id='word_1_64' title='bbox 1483 767 1719 822; x_wconf 81' lang='lat' dir='ltr'>catalogus</span> <span class='ocrx_word' id='word_1_65' title='bbox 1744 767 1862 811; x_wconf 88' lang='lat' dir='ltr'>indi-.</span> 
     </span>
     <span class='ocr_line' id='line_1_9' title="bbox 219 838 1851 898; baseline 0.002 -16"><span class='ocrx_word' id='word_1_66' title='bbox 219 839 353 882; x_wconf 90' lang='lat' dir='ltr'>cabit.</span> <span class='ocrx_word' id='word_1_67' title='bbox 390 838 585 881; x_wconf 88' lang='lat' dir='ltr'>Proinde</span> <span class='ocrx_word' id='word_1_68' title='bbox 609 846 654 880; x_wconf 88' lang='lat' dir='ltr'>et</span> <span class='ocrx_word' id='word_1_69' title='bbox 678 853 769 881; x_wconf 87' lang='lat' dir='ltr'>rem</span> <span class='ocrx_word' id='word_1_70' title='bbox 795 847 838 881; x_wconf 93' lang='lat' dir='ltr'>et</span> <span class='ocrx_word' id='word_1_71' title='bbox 868 854 1104 882; x_wconf 89' lang='lat' dir='ltr'>numerum</span> <span class='ocrx_word' id='word_1_72' title='bbox 1136 841 1350 896; x_wconf 83' lang='lat' dir='ltr'>deinceps</span> <span class='ocrx_word' id='word_1_73' title='bbox 1380 850 1563 884; x_wconf 90' lang='lat' dir='ltr'>auctum</span> <span class='ocrx_word' id='word_1_74' title='bbox 1595 843 1645 883; x_wconf 94' lang='lat' dir='ltr'>iri</span> <span class='ocrx_word' id='word_1_75' title='bbox 1670 858 1851 898; x_wconf 88' lang='lat' dir='ltr'>speran-</span> 
     </span>
     <span class='ocr_line' id='line_1_10' title="bbox 217 917 433 959; baseline 0.005 -1"><span class='ocrx_word' id='word_1_76' title='bbox 217 917 323 958; x_wconf 91' lang='lat' dir='ltr'>dum</span> <span class='ocrx_word' id='word_1_77' title='bbox 349 923 433 959; x_wconf 85' lang='lat' dir='ltr'>est.</span> 
     </span>
    </p>

    <p class='ocr_par' dir='ltr' id='par_1_3' title="bbox 219 992 1856 1814">
     <span class='ocr_line' id='line_1_11' title="bbox 314 992 1855 1050; baseline 0.002 -15"><span class='ocrx_word' id='word_1_78' title='bbox 314 1004 379 1035; x_wconf 87' lang='lat'>12.</span> <span class='ocrx_word' id='word_1_79' title='bbox 448 992 683 1046; x_wconf 89' lang='lat' dir='ltr'>Templum</span> <span class='ocrx_word' id='word_1_80' title='bbox 720 1006 830 1035; x_wconf 89' lang='lat' dir='ltr'>uero</span> <span class='ocrx_word' id='word_1_81' title='bbox 853 993 998 1047; x_wconf 91' lang='lat' dir='ltr'>ipsum</span> <span class='ocrx_word' id='word_1_82' title='bbox 1023 993 1232 1048; x_wconf 90' lang='lat' dir='ltr'>quamuis</span> <span class='ocrx_word' id='word_1_83' title='bbox 1263 994 1499 1050; x_wconf 83' lang='lat' dir='ltr'>exiguum,</span> <span class='ocrx_word' id='word_1_84' title='bbox 1530 994 1855 1038; x_wconf 86' lang='lat' dir='ltr'>nihilhominus</span> 
     </span>
     <span class='ocr_line' id='line_1_12' title="bbox 221 1069 1854 1128; baseline 0.002 -18"><span class='ocrx_word' id='word_1_85' title='bbox 221 1069 602 1124; x_wconf 84' lang='lat' dir='ltr'>praetereuntium</span> <span class='ocrx_word' id='word_1_86' title='bbox 626 1070 764 1111; x_wconf 91' lang='lat' dir='ltr'>corda</span> <span class='ocrx_word' id='word_1_87' title='bbox 787 1070 843 1111; x_wconf 91' lang='lat' dir='ltr'>ad</span> <span class='ocrx_word' id='word_1_88' title='bbox 866 1069 1132 1125; x_wconf 82' lang='lat' dir='ltr'>religionem</span> <span class='ocrx_word' id='word_1_89' title='bbox 1161 1085 1213 1112; x_wconf 88' lang='lat' dir='ltr'>ac</span> <span class='ocrx_word' id='word_1_90' title='bbox 1239 1071 1447 1126; x_wconf 91' lang='lat' dir='ltr'>pietatem</span> <span class='ocrx_word' id='word_1_91' title='bbox 1476 1071 1654 1127; x_wconf 89' lang='lat' dir='ltr'>inuitat,</span> <span class='ocrx_word' id='word_1_92' title='bbox 1682 1073 1854 1128; x_wconf 91' lang='lat' dir='ltr'>quocir-</span> 
     </span>
     <span class='ocr_line' id='line_1_13' title="bbox 219 1145 1856 1204; baseline 0.002 -16"><span class='ocrx_word' id='word_1_93' title='bbox 219 1161 270 1188; x_wconf 92' lang='lat' dir='ltr'>ca</span> <span class='ocrx_word' id='word_1_94' title='bbox 294 1146 421 1187; x_wconf 89' lang='lat' dir='ltr'>multi</span> <span class='ocrx_word' id='word_1_95' title='bbox 448 1153 677 1201; x_wconf 89' lang='lat' dir='ltr'>precatum</span> <span class='ocrx_word' id='word_1_96' title='bbox 695 1145 942 1197; x_wconf 73' lang='lat' dir='ltr'>introeunt,</span> <span class='ocrx_word' id='word_1_97' title='bbox 964 1161 1156 1200; x_wconf 88' lang='lat' dir='ltr'>quorum</span> <span class='ocrx_word' id='word_1_98' title='bbox 1175 1155 1352 1189; x_wconf 88' lang='lat' dir='ltr'>constat</span> <span class='ocrx_word' id='word_1_99' title='bbox 1371 1148 1545 1203; x_wconf 88' lang='lat' dir='ltr'>aliquos</span> <span class='ocrx_word' id='word_1_100' title='bbox 1570 1163 1657 1190; x_wconf 94' lang='lat' dir='ltr'>non</span> <span class='ocrx_word' id='word_1_101' title='bbox 1684 1149 1856 1204; x_wconf 90' lang='lat' dir='ltr'>optima</span> 
     </span>
     <span class='ocr_line' id='line_1_14' title="bbox 221 1222 1853 1278; baseline 0.002 -14"><span class='ocrx_word' id='word_1_102' title='bbox 221 1223 451 1277; x_wconf 83' lang='lat' dir='ltr'>ingressos</span> <span class='ocrx_word' id='word_1_103' title='bbox 474 1230 639 1274; x_wconf 83' lang='lat' dir='ltr'>mente,</span> <span class='ocrx_word' id='word_1_104' title='bbox 667 1222 884 1265; x_wconf 88' lang='lat' dir='ltr'>diuinitus</span> <span class='ocrx_word' id='word_1_105' title='bbox 910 1231 1094 1278; x_wconf 91' lang='lat' dir='ltr'>repente</span> <span class='ocrx_word' id='word_1_106' title='bbox 1119 1232 1343 1278; x_wconf 90' lang='lat' dir='ltr'>permotos</span> <span class='ocrx_word' id='word_1_107' title='bbox 1366 1226 1422 1267; x_wconf 92' lang='lat' dir='ltr'>ad</span> <span class='ocrx_word' id='word_1_108' title='bbox 1448 1240 1619 1268; x_wconf 91' lang='lat' dir='ltr'>morum</span> <span class='ocrx_word' id='word_1_109' title='bbox 1643 1227 1853 1269; x_wconf 90' lang='lat' dir='ltr'>emenda-</span> 
     </span>
     <span class='ocr_line' id='line_1_15' title="bbox 222 1299 1850 1355; baseline 0.002 -14"><span class='ocrx_word' id='word_1_110' title='bbox 222 1299 408 1350; x_wconf 85' lang='lat' dir='ltr'>tionem,</span> <span class='ocrx_word' id='word_1_111' title='bbox 435 1307 570 1353; x_wconf 88' lang='lat' dir='ltr'>atque</span> <span class='ocrx_word' id='word_1_112' title='bbox 595 1300 708 1342; x_wconf 90' lang='lat' dir='ltr'>adeo</span> <span class='ocrx_word' id='word_1_113' title='bbox 732 1301 788 1341; x_wconf 90' lang='lat' dir='ltr'>ad</span> <span class='ocrx_word' id='word_1_114' title='bbox 810 1299 906 1354; x_wconf 90' lang='lat' dir='ltr'>ipsa</span> <span class='ocrx_word' id='word_1_115' title='bbox 927 1300 1110 1342; x_wconf 89' lang='lat' dir='ltr'>Domini</span> <span class='ocrx_word' id='word_1_116' title='bbox 1136 1301 1275 1342; x_wconf 91' lang='lat' dir='ltr'>nostri</span> <span class='ocrx_word' id='word_1_117' title='bbox 1298 1302 1529 1355; x_wconf 90' lang='lat' dir='ltr'>sequenda</span> <span class='ocrx_word' id='word_1_118' title='bbox 1553 1303 1738 1344; x_wconf 90' lang='lat' dir='ltr'>consilia</span> <span class='ocrx_word' id='word_1_119' title='bbox 1762 1303 1850 1344; x_wconf 90' lang='lat' dir='ltr'>ani-</span> 
     </span>
     <span class='ocr_line' id='line_1_16' title="bbox 224 1374 1853 1433; baseline 0.002 -16"><span class='ocrx_word' id='word_1_120' title='bbox 224 1390 345 1418; x_wconf 92' lang='lat' dir='ltr'>mum</span> <span class='ocrx_word' id='word_1_121' title='bbox 378 1374 613 1419; x_wconf 88' lang='lat' dir='ltr'>adiecisse:</span> <span class='ocrx_word' id='word_1_122' title='bbox 646 1375 798 1429; x_wconf 88' lang='lat' dir='ltr'>itaque</span> <span class='ocrx_word' id='word_1_123' title='bbox 836 1384 880 1417; x_wconf 92' lang='lat' dir='ltr'>et</span> <span class='ocrx_word' id='word_1_124' title='bbox 918 1376 1168 1431; x_wconf 90' lang='lat' dir='ltr'>principum</span> <span class='ocrx_word' id='word_1_125' title='bbox 1211 1377 1427 1433; x_wconf 91' lang='lat' dir='ltr'>uirorum,</span> <span class='ocrx_word' id='word_1_126' title='bbox 1463 1386 1508 1420; x_wconf 89' lang='lat' dir='ltr'>et</span> <span class='ocrx_word' id='word_1_127' title='bbox 1540 1379 1853 1421; x_wconf 89' lang='lat' dir='ltr'>confitentium</span> 
     </span>
     <span class='ocr_line' id='line_1_17' title="bbox 224 1451 1853 1509; baseline 0.002 -15"><span class='ocrx_word' id='word_1_128' title='bbox 224 1466 404 1507; x_wconf 91' lang='lat' dir='ltr'>quoque</span> <span class='ocrx_word' id='word_1_129' title='bbox 435 1451 685 1506; x_wconf 84' lang='lat' dir='ltr'>frequentia</span> <span class='ocrx_word' id='word_1_130' title='bbox 707 1452 925 1494; x_wconf 86' lang='lat' dir='ltr'>celebrari</span> <span class='ocrx_word' id='word_1_131' title='bbox 954 1452 1040 1494; x_wconf 90' lang='lat' dir='ltr'>iam</span> <span class='ocrx_word' id='word_1_132' title='bbox 1065 1453 1237 1508; x_wconf 88' lang='lat' dir='ltr'>incipit.</span> <span class='ocrx_word' id='word_1_133' title='bbox 1264 1454 1533 1497; x_wconf 84' lang='lat' dir='ltr'>Sacerdotes</span> <span class='ocrx_word' id='word_1_134' title='bbox 1556 1454 1617 1496; x_wconf 90' lang='lat' dir='ltr'>ibi</span> <span class='ocrx_word' id='word_1_135' title='bbox 1640 1463 1853 1509; x_wconf 82' lang='lat' dir='ltr'>quattuor</span> 
     </span>
     <span class='ocr_line' id='line_1_18' title="bbox 223 1528 1855 1584; baseline 0.002 -14"><span class='ocrx_word' id='word_1_136' title='bbox 223 1537 575 1579; x_wconf 85' lang='lat' dir='ltr'>commorantur,</span> <span class='ocrx_word' id='word_1_137' title='bbox 602 1536 646 1570; x_wconf 91' lang='lat' dir='ltr'>et</span> <span class='ocrx_word' id='word_1_138' title='bbox 670 1528 850 1570; x_wconf 83' lang='lat' dir='ltr'>casibus</span> <span class='ocrx_word' id='word_1_139' title='bbox 874 1543 986 1582; x_wconf 87' lang='lat' dir='ltr'>quos</span> <span class='ocrx_word' id='word_1_140' title='bbox 1003 1531 1230 1584; x_wconf 88' lang='lat' dir='ltr'>appellant</span> <span class='ocrx_word' id='word_1_141' title='bbox 1249 1530 1556 1574; x_wconf 88' lang='lat' dir='ltr'>conscientiae</span> <span class='ocrx_word' id='word_1_142' title='bbox 1579 1532 1855 1583; x_wconf 84' lang='lat' dir='ltr'>decidendis,</span> 
     </span>
     <span class='ocr_line' id='line_1_19' title="bbox 223 1604 1856 1663; baseline 0.001 -15"><span class='ocrx_word' id='word_1_143' title='bbox 223 1605 410 1659; x_wconf 91' lang='lat' dir='ltr'>aliisque</span> <span class='ocrx_word' id='word_1_144' title='bbox 434 1604 742 1660; x_wconf 87' lang='lat' dir='ltr'>spiritualibus</span> <span class='ocrx_word' id='word_1_145' title='bbox 765 1604 1047 1660; x_wconf 86' lang='lat' dir='ltr'>ministeriis,</span> <span class='ocrx_word' id='word_1_146' title='bbox 1074 1606 1376 1660; x_wconf 90' lang='lat' dir='ltr'>proximorum</span> <span class='ocrx_word' id='word_1_147' title='bbox 1402 1608 1533 1649; x_wconf 90' lang='lat' dir='ltr'>saluti</span> <span class='ocrx_word' id='word_1_148' title='bbox 1557 1608 1856 1663; x_wconf 89' lang='lat' dir='ltr'>prospiciunt;</span> 
     </span>
     <span class='ocr_line' id='line_1_20' title="bbox 225 1681 1854 1738; baseline 0.002 -15"><span class='ocrx_word' id='word_1_149' title='bbox 225 1681 307 1737; x_wconf 90' lang='lat' dir='ltr'>ipsi</span> <span class='ocrx_word' id='word_1_150' title='bbox 334 1696 443 1724; x_wconf 91' lang='lat' dir='ltr'>uero</span> <span class='ocrx_word' id='word_1_151' title='bbox 475 1681 650 1733; x_wconf 91' lang='lat' dir='ltr'>nouitii‚</span> <span class='ocrx_word' id='word_1_152' title='bbox 677 1689 722 1724; x_wconf 92' lang='lat' dir='ltr'>et</span> <span class='ocrx_word' id='word_1_153' title='bbox 754 1681 867 1724; x_wconf 90' lang='lat' dir='ltr'>coeli</span> <span class='ocrx_word' id='word_1_154' title='bbox 895 1682 1099 1726; x_wconf 91' lang='lat' dir='ltr'>bonitate</span> <span class='ocrx_word' id='word_1_155' title='bbox 1122 1690 1166 1725; x_wconf 90' lang='lat' dir='ltr'>et</span> <span class='ocrx_word' id='word_1_156' title='bbox 1190 1683 1308 1725; x_wconf 88' lang='lat' dir='ltr'>horti</span> <span class='ocrx_word' id='word_1_157' title='bbox 1334 1683 1489 1738; x_wconf 87' lang='lat' dir='ltr'>spatiis</span> <span class='ocrx_word' id='word_1_158' title='bbox 1517 1684 1854 1736; x_wconf 87' lang='lat' dir='ltr'>adiuuantibus,</span> 
     </span>
     <span class='ocr_line' id='line_1_21' title="bbox 224 1758 1631 1814; baseline 0.003 -15"><span class='ocrx_word' id='word_1_159' title='bbox 224 1758 326 1801; x_wconf 88' lang='lat' dir='ltr'>laeti</span> <span class='ocrx_word' id='word_1_160' title='bbox 350 1758 392 1800; x_wconf 92' lang='lat' dir='ltr'>in</span> <span class='ocrx_word' id='word_1_161' title='bbox 418 1758 614 1801; x_wconf 91' lang='lat' dir='ltr'>Domino</span> <span class='ocrx_word' id='word_1_162' title='bbox 638 1773 851 1814; x_wconf 89' lang='lat' dir='ltr'>prospera</span> <span class='ocrx_word' id='word_1_163' title='bbox 879 1759 1138 1802; x_wconf 91' lang='lat' dir='ltr'>ualetudine</span> <span class='ocrx_word' id='word_1_164' title='bbox 1167 1767 1371 1803; x_wconf 90' lang='lat' dir='ltr'>utuntur:</span> <span class='ocrx_word' id='word_1_165' title='bbox 1399 1762 1496 1804; x_wconf 94' lang='lat' dir='ltr'>Deo</span> <span class='ocrx_word' id='word_1_166' title='bbox 1519 1762 1631 1804; x_wconf 88' lang='lat' dir='ltr'>laus.</span> 
     </span>
    </p>

    <p class='ocr_par' dir='ltr' id='par_1_4' title="bbox 223 1835 1858 3036">
     <span class='ocr_line' id='line_1_22' title="bbox 318 1835 1858 1893; baseline 0.002 -16"><span class='ocrx_word' id='word_1_167' title='bbox 318 1847 384 1889; x_wconf 85' lang='lat'>13.</span> <span class='ocrx_word' id='word_1_168' title='bbox 452 1835 655 1877; x_wconf 89' lang='lat' dir='ltr'>Tertium</span> <span class='ocrx_word' id='word_1_169' title='bbox 692 1835 827 1877; x_wconf 89' lang='lat' dir='ltr'>Vrbis</span> <span class='ocrx_word' id='word_1_170' title='bbox 860 1835 1135 1878; x_wconf 89' lang='lat' dir='ltr'>domicilium</span> <span class='ocrx_word' id='word_1_171' title='bbox 1173 1844 1241 1879; x_wconf 90' lang='lat' dir='ltr'>est</span> <span class='ocrx_word' id='word_1_172' title='bbox 1275 1837 1415 1879; x_wconf 88' lang='lat' dir='ltr'>nostri</span> <span class='ocrx_word' id='word_1_173' title='bbox 1447 1837 1640 1893; x_wconf 73' lang='lat' dir='ltr'>collegii,</span> <span class='ocrx_word' id='word_1_174' title='bbox 1673 1838 1749 1880; x_wconf 91' lang='lat' dir='ltr'>ubi</span> <span class='ocrx_word' id='word_1_175' title='bbox 1773 1840 1858 1880; x_wconf 88' lang='lat' dir='ltr'>hoc</span> 
     </span>
     <span class='ocr_line' id='line_1_23' title="bbox 225 1900 1856 1968; baseline 0.001 -15"><span class='ocrx_word' id='word_1_176' title='bbox 225 1925 343 1953; x_wconf 90' lang='lat' dir='ltr'>anno</span> <span class='ocrx_word' id='word_1_177' title='bbox 366 1911 551 1953; x_wconf 89' lang='lat' dir='ltr'>ineunte</span> <span class='ocrx_word' id='word_1_178' title='bbox 576 1911 852 1962; x_wconf 89' lang='lat' dir='ltr'>MDLXVII,</span> <span class='ocrx_word' id='word_1_179' title='bbox 875 1912 1015 1952; x_wconf 87' lang='lat' dir='ltr'>multo</span> <span class='ocrx_word' id='word_1_180' title='bbox 1039 1911 1182 1953; x_wconf 88' lang='lat' dir='ltr'>minor</span> <span class='ocrx_word' id='word_1_181' title='bbox 1205 1920 1274 1954; x_wconf 91' lang='lat' dir='ltr'>est</span> <span class='ocrx_word' id='word_1_182' title='bbox 1297 1900 1430 1967; x_wconf 81' lang='lat' dir='ltr'>quam</span> <span class='ocrx_word' id='word_1_183' title='bbox 1455 1913 1764 1968; x_wconf 89' lang='lat' dir='ltr'>superioribus</span> <span class='ocrx_word' id='word_1_184' title='bbox 1781 1929 1856 1956; x_wconf 89' lang='lat' dir='ltr'>an-</span> 
     </span>
     <span class='ocr_line' id='line_1_24' title="bbox 227 1986 1858 2045; baseline 0.002 -17"><span class='ocrx_word' id='word_1_185' title='bbox 227 1987 294 2028; x_wconf 90' lang='lat' dir='ltr'>nis</span> <span class='ocrx_word' id='word_1_186' title='bbox 317 1986 611 2029; x_wconf 88' lang='lat' dir='ltr'>incolentium</span> <span class='ocrx_word' id='word_1_187' title='bbox 642 2001 873 2038; x_wconf 82' lang='lat' dir='ltr'>numerus,</span> <span class='ocrx_word' id='word_1_188' title='bbox 901 1987 1067 2043; x_wconf 89' lang='lat' dir='ltr'>quippe</span> <span class='ocrx_word' id='word_1_189' title='bbox 1099 1988 1299 2032; x_wconf 88' lang='lat' dir='ltr'>uniuersi</span> <span class='ocrx_word' id='word_1_190' title='bbox 1322 1990 1458 2045; x_wconf 88' lang='lat' dir='ltr'>(quod</span> <span class='ocrx_word' id='word_1_191' title='bbox 1488 1991 1858 2033; x_wconf 89' lang='lat' dir='ltr'>commonstrabit</span> 
     </span>
     <span class='ocr_line' id='line_1_25' title="bbox 226 2063 1856 2122; baseline 0.002 -18"><span class='ocrx_word' id='word_1_192' title='bbox 226 2063 375 2118; x_wconf 89' lang='lat' dir='ltr'>index)</span> <span class='ocrx_word' id='word_1_193' title='bbox 400 2064 574 2106; x_wconf 89' lang='lat' dir='ltr'>CXXX</span> <span class='ocrx_word' id='word_1_194' title='bbox 599 2078 817 2105; x_wconf 87' lang='lat' dir='ltr'>summam</span> <span class='ocrx_word' id='word_1_195' title='bbox 842 2078 933 2105; x_wconf 92' lang='lat' dir='ltr'>non</span> <span class='ocrx_word' id='word_1_196' title='bbox 968 2065 1209 2107; x_wconf 87' lang='lat' dir='ltr'>excedunt:</span> <span class='ocrx_word' id='word_1_197' title='bbox 1237 2080 1427 2119; x_wconf 89' lang='lat' dir='ltr'>quorum</span> <span class='ocrx_word' id='word_1_198' title='bbox 1453 2067 1602 2120; x_wconf 88' lang='lat' dir='ltr'>XXX,</span> <span class='ocrx_word' id='word_1_199' title='bbox 1628 2067 1856 2122; x_wconf 90' lang='lat' dir='ltr'>probatio-</span> 
     </span>
     <span class='ocr_line' id='line_1_26' title="bbox 228 2140 1857 2198; baseline 0.002 -16"><span class='ocrx_word' id='word_1_200' title='bbox 228 2141 296 2182; x_wconf 90' lang='lat' dir='ltr'>nis</span> <span class='ocrx_word' id='word_1_201' title='bbox 319 2140 723 2195; x_wconf 54' lang='lat' dir='ltr'>biennioznondum</span> <span class='ocrx_word' id='word_1_202' title='bbox 748 2148 925 2192; x_wconf 86' lang='lat' dir='ltr'>exacto,</span> <span class='ocrx_word' id='word_1_203' title='bbox 953 2155 1154 2183; x_wconf 90' lang='lat' dir='ltr'>seorsum</span> <span class='ocrx_word' id='word_1_204' title='bbox 1180 2142 1405 2185; x_wconf 89' lang='lat' dir='ltr'>habentur</span> <span class='ocrx_word' id='word_1_205' title='bbox 1428 2144 1484 2184; x_wconf 91' lang='lat' dir='ltr'>ab</span> <span class='ocrx_word' id='word_1_206' title='bbox 1502 2143 1614 2195; x_wconf 86' lang='lat' dir='ltr'>aliis;</span> <span class='ocrx_word' id='word_1_207' title='bbox 1641 2152 1685 2187; x_wconf 90' lang='lat' dir='ltr'>et</span> <span class='ocrx_word' id='word_1_208' title='bbox 1704 2158 1857 2198; x_wconf 89' lang='lat' dir='ltr'>quam-</span> 
     </span>
     <span class='ocr_line' id='line_1_27' title="bbox 227 2217 1856 2275; baseline 0.002 -17"><span class='ocrx_word' id='word_1_209' title='bbox 227 2231 361 2271; x_wconf 89' lang='lat' dir='ltr'>quam</span> <span class='ocrx_word' id='word_1_210' title='bbox 385 2217 674 2272; x_wconf 83' lang='lat' dir='ltr'>gymnasium</span> <span class='ocrx_word' id='word_1_211' title='bbox 704 2217 990 2271; x_wconf 83' lang='lat' dir='ltr'>frequentare</span> <span class='ocrx_word' id='word_1_212' title='bbox 1023 2231 1111 2259; x_wconf 92' lang='lat' dir='ltr'>non</span> <span class='ocrx_word' id='word_1_213' title='bbox 1135 2218 1364 2269; x_wconf 87' lang='lat' dir='ltr'>desinunt,</span> <span class='ocrx_word' id='word_1_214' title='bbox 1392 2219 1570 2274; x_wconf 87' lang='lat' dir='ltr'>proprio</span> <span class='ocrx_word' id='word_1_215' title='bbox 1600 2227 1749 2261; x_wconf 88' lang='lat' dir='ltr'>tamen</span> <span class='ocrx_word' id='word_1_216' title='bbox 1775 2220 1856 2275; x_wconf 91' lang='lat' dir='ltr'>pri-</span> 
     </span>
     <span class='ocr_line' id='line_1_28' title="bbox 231 2293 1856 2350; baseline 0.002 -15"><span class='ocrx_word' id='word_1_217' title='bbox 231 2294 367 2335; x_wconf 90' lang='lat' dir='ltr'>uatim</span> <span class='ocrx_word' id='word_1_218' title='bbox 394 2294 621 2348; x_wconf 85' lang='lat' dir='ltr'>praefecto</span> <span class='ocrx_word' id='word_1_219' title='bbox 645 2294 700 2335; x_wconf 90' lang='lat' dir='ltr'>ad</span> <span class='ocrx_word' id='word_1_220' title='bbox 723 2293 949 2335; x_wconf 91' lang='lat' dir='ltr'>silentium</span> <span class='ocrx_word' id='word_1_221' title='bbox 977 2294 1316 2349; x_wconf 88' lang='lat' dir='ltr'>tempestiuum,</span> <span class='ocrx_word' id='word_1_222' title='bbox 1343 2302 1478 2350; x_wconf 91' lang='lat' dir='ltr'>atque</span> <span class='ocrx_word' id='word_1_223' title='bbox 1499 2297 1554 2338; x_wconf 91' lang='lat' dir='ltr'>ad</span> <span class='ocrx_word' id='word_1_224' title='bbox 1578 2310 1755 2340; x_wconf 89' lang='lat' dir='ltr'>omnem</span> <span class='ocrx_word' id='word_1_225' title='bbox 1776 2298 1856 2339; x_wconf 91' lang='lat' dir='ltr'>hu-</span> 
     </span>
     <span class='ocr_line' id='line_1_29' title="bbox 229 2369 1855 2428; baseline 0.002 -18"><span class='ocrx_word' id='word_1_226' title='bbox 229 2369 459 2412; x_wconf 88' lang='lat' dir='ltr'>militatem</span> <span class='ocrx_word' id='word_1_227' title='bbox 479 2383 530 2411; x_wconf 91' lang='lat' dir='ltr'>ac</span> <span class='ocrx_word' id='word_1_228' title='bbox 550 2369 813 2412; x_wconf 88' lang='lat' dir='ltr'>modestiam</span> <span class='ocrx_word' id='word_1_229' title='bbox 834 2370 1119 2414; x_wconf 90' lang='lat' dir='ltr'>excoluntur.</span> <span class='ocrx_word' id='word_1_230' title='bbox 1142 2371 1295 2414; x_wconf 88' lang='lat' dir='ltr'>Horae</span> <span class='ocrx_word' id='word_1_231' title='bbox 1316 2371 1510 2426; x_wconf 88' lang='lat' dir='ltr'>spatium</span> <span class='ocrx_word' id='word_1_232' title='bbox 1533 2373 1664 2414; x_wconf 91' lang='lat' dir='ltr'>unius</span> <span class='ocrx_word' id='word_1_233' title='bbox 1681 2388 1705 2415; x_wconf 93' lang='lat' dir='ltr'>a</span> <span class='ocrx_word' id='word_1_234' title='bbox 1729 2387 1855 2428; x_wconf 89' lang='lat' dir='ltr'>pran-</span> 
     </span>
     <span class='ocr_line' id='line_1_30' title="bbox 227 2446 1854 2501; baseline 0.003 -15"><span class='ocrx_word' id='word_1_235' title='bbox 227 2446 316 2497; x_wconf 93' lang='lat' dir='ltr'>dio,</span> <span class='ocrx_word' id='word_1_236' title='bbox 343 2447 540 2501; x_wconf 89' lang='lat' dir='ltr'>itemque</span> <span class='ocrx_word' id='word_1_237' title='bbox 565 2453 664 2501; x_wconf 89' lang='lat' dir='ltr'>post</span> <span class='ocrx_word' id='word_1_238' title='bbox 687 2460 873 2488; x_wconf 89' lang='lat' dir='ltr'>coenam</span> <span class='ocrx_word' id='word_1_239' title='bbox 904 2448 1043 2500; x_wconf 89' lang='lat' dir='ltr'>(quod</span> <span class='ocrx_word' id='word_1_240' title='bbox 1068 2446 1120 2489; x_wconf 92' lang='lat' dir='ltr'>iis</span> <span class='ocrx_word' id='word_1_241' title='bbox 1143 2447 1277 2489; x_wconf 90' lang='lat' dir='ltr'>animi</span> <span class='ocrx_word' id='word_1_242' title='bbox 1301 2448 1479 2490; x_wconf 91' lang='lat' dir='ltr'>laxandi</span> <span class='ocrx_word' id='word_1_243' title='bbox 1511 2462 1669 2490; x_wconf 88' lang='lat' dir='ltr'>caussa</span> <span class='ocrx_word' id='word_1_244' title='bbox 1693 2449 1854 2491; x_wconf 89' lang='lat' dir='ltr'>tribui-</span> 
     </span>
     <span class='ocr_line' id='line_1_31' title="bbox 229 2522 1856 2579; baseline 0.002 -16"><span class='ocrx_word' id='word_1_245' title='bbox 229 2523 313 2575; x_wconf 81' lang='lat' dir='ltr'>tur)</span> <span class='ocrx_word' id='word_1_246' title='bbox 340 2530 427 2564; x_wconf 88' lang='lat' dir='ltr'>tarn</span> <span class='ocrx_word' id='word_1_247' title='bbox 446 2522 656 2565; x_wconf 92' lang='lat' dir='ltr'>iucundis</span> <span class='ocrx_word' id='word_1_248' title='bbox 680 2523 794 2565; x_wconf 90' lang='lat' dir='ltr'>inter</span> <span class='ocrx_word' id='word_1_249' title='bbox 819 2536 934 2579; x_wconf 89' lang='lat' dir='ltr'>sese,</span> <span class='ocrx_word' id='word_1_250' title='bbox 962 2523 1137 2578; x_wconf 92' lang='lat' dir='ltr'>piisque</span> <span class='ocrx_word' id='word_1_251' title='bbox 1160 2524 1394 2578; x_wconf 89' lang='lat' dir='ltr'>colloquiis</span> <span class='ocrx_word' id='word_1_252' title='bbox 1417 2525 1856 2567; x_wconf 86' lang='lat' dir='ltr'>mortificationibus-</span> 
     </span>
     <span class='ocr_line' id='line_1_32' title="bbox 228 2600 1856 2656; baseline 0.002 -16"><span class='ocrx_word' id='word_1_253' title='bbox 228 2612 315 2652; x_wconf 90' lang='lat' dir='ltr'>que</span> <span class='ocrx_word' id='word_1_254' title='bbox 359 2600 618 2654; x_wconf 85' lang='lat' dir='ltr'>traducunt,</span> <span class='ocrx_word' id='word_1_255' title='bbox 652 2606 700 2641; x_wconf 92' lang='lat' dir='ltr'>ut</span> <span class='ocrx_word' id='word_1_256' title='bbox 742 2614 951 2654; x_wconf 85' lang='lat' dir='ltr'>magnam</span> <span class='ocrx_word' id='word_1_257' title='bbox 987 2600 1170 2654; x_wconf 88' lang='lat' dir='ltr'>reliquis</span> <span class='ocrx_word' id='word_1_258' title='bbox 1212 2600 1424 2642; x_wconf 82' lang='lat' dir='ltr'>omnibus</span> <span class='ocrx_word' id='word_1_259' title='bbox 1463 2601 1616 2656; x_wconf 86' lang='lat' dir='ltr'>gaudii</span> <span class='ocrx_word' id='word_1_260' title='bbox 1648 2602 1780 2643; x_wconf 90' lang='lat' dir='ltr'>simul</span> <span class='ocrx_word' id='word_1_261' title='bbox 1812 2610 1856 2645; x_wconf 91' lang='lat' dir='ltr'>et</span> 
     </span>
     <span class='ocr_line' id='line_1_33' title="bbox 228 2675 1856 2730; baseline 0.003 -15"><span class='ocrx_word' id='word_1_262' title='bbox 228 2678 456 2728; x_wconf 81' lang='lat' dir='ltr'>protectus</span> <span class='ocrx_word' id='word_1_263' title='bbox 485 2675 717 2718; x_wconf 87' lang='lat' dir='ltr'>materiam</span> <span class='ocrx_word' id='word_1_264' title='bbox 750 2677 1011 2730; x_wconf 89' lang='lat' dir='ltr'>praebeant.</span> <span class='ocrx_word' id='word_1_265' title='bbox 1045 2677 1230 2719; x_wconf 91' lang='lat' dir='ltr'>Habent</span> <span class='ocrx_word' id='word_1_266' title='bbox 1259 2677 1393 2720; x_wconf 89' lang='lat' dir='ltr'>etiam</span> <span class='ocrx_word' id='word_1_267' title='bbox 1417 2677 1641 2720; x_wconf 90' lang='lat' dir='ltr'>interdum</span> <span class='ocrx_word' id='word_1_268' title='bbox 1672 2678 1787 2721; x_wconf 93' lang='lat' dir='ltr'>inter</span> <span class='ocrx_word' id='word_1_269' title='bbox 1809 2693 1856 2720; x_wconf 92' lang='lat' dir='ltr'>se</span> 
     </span>
     <span class='ocr_line' id='line_1_34' title="bbox 227 2750 1852 2807; baseline 0.004 -17"><span class='ocrx_word' id='word_1_270' title='bbox 227 2750 282 2793; x_wconf 91' lang='lat' dir='ltr'>de</span> <span class='ocrx_word' id='word_1_271' title='bbox 305 2751 611 2805; x_wconf 89' lang='lat' dir='ltr'>spiritualibus</span> <span class='ocrx_word' id='word_1_272' title='bbox 629 2752 971 2806; x_wconf 79' lang='lat' dir='ltr'>quaestionibus</span> <span class='ocrx_word' id='word_1_273' title='bbox 997 2753 1186 2805; x_wconf 90' lang='lat' dir='ltr'>scholas,</span> <span class='ocrx_word' id='word_1_274' title='bbox 1208 2767 1319 2807; x_wconf 89' lang='lat' dir='ltr'>quas</span> <span class='ocrx_word' id='word_1_275' title='bbox 1342 2753 1603 2797; x_wconf 89' lang='lat' dir='ltr'>collationes</span> <span class='ocrx_word' id='word_1_276' title='bbox 1621 2768 1852 2807; x_wconf 89' lang='lat' dir='ltr'>uocamus;</span> 
     </span>
     <span class='ocr_line' id='line_1_35' title="bbox 227 2826 1855 2880; baseline 0.004 -14"><span class='ocrx_word' id='word_1_277' title='bbox 227 2833 271 2866; x_wconf 91' lang='lat' dir='ltr'>et</span> <span class='ocrx_word' id='word_1_278' title='bbox 308 2826 494 2880; x_wconf 90' lang='lat' dir='ltr'>priuatis</span> <span class='ocrx_word' id='word_1_279' title='bbox 530 2827 918 2871; x_wconf 88' lang='lat' dir='ltr'>cohortationibus</span> <span class='ocrx_word' id='word_1_280' title='bbox 961 2829 1016 2870; x_wconf 90' lang='lat' dir='ltr'>ad</span> <span class='ocrx_word' id='word_1_281' title='bbox 1055 2829 1253 2871; x_wconf 89' lang='lat' dir='ltr'>officium</span> <span class='ocrx_word' id='word_1_282' title='bbox 1294 2829 1564 2874; x_wconf 88' lang='lat' dir='ltr'>excitantur.</span> <span class='ocrx_word' id='word_1_283' title='bbox 1604 2831 1855 2872; x_wconf 86' lang='lat' dir='ltr'>Precationi</span> 
     </span>
     <span class='ocr_line' id='line_1_36' title="bbox 227 2904 1856 2961; baseline 0.003 -18"><span class='ocrx_word' id='word_1_284' title='bbox 227 2915 408 2956; x_wconf 91' lang='lat' dir='ltr'>quoque</span> <span class='ocrx_word' id='word_1_285' title='bbox 436 2917 568 2956; x_wconf 90' lang='lat' dir='ltr'>quam</span> <span class='ocrx_word' id='word_1_286' title='bbox 593 2904 665 2946; x_wconf 91' lang='lat' dir='ltr'>alii</span> <span class='ocrx_word' id='word_1_287' title='bbox 695 2905 795 2959; x_wconf 84' lang='lat' dir='ltr'>plus</span> <span class='ocrx_word' id='word_1_288' title='bbox 819 2904 1051 2958; x_wconf 89' lang='lat' dir='ltr'>aliquanto</span> <span class='ocrx_word' id='word_1_289' title='bbox 1081 2905 1294 2960; x_wconf 90' lang='lat' dir='ltr'>temporis</span> <span class='ocrx_word' id='word_1_290' title='bbox 1322 2905 1540 2950; x_wconf 90' lang='lat' dir='ltr'>tribuunt.</span> <span class='ocrx_word' id='word_1_291' title='bbox 1569 2907 1635 2948; x_wconf 90' lang='lat' dir='ltr'>Ex</span> <span class='ocrx_word' id='word_1_292' title='bbox 1662 2906 1856 2961; x_wconf 83' lang='lat' dir='ltr'>collegio</span> 
     </span>
     <span class='ocr_line' id='line_1_37' title="bbox 223 2978 1853 3036; baseline 0.003 -17"><span class='ocrx_word' id='word_1_293' title='bbox 223 2984 375 3020; x_wconf 86' lang='lat' dir='ltr'>autern</span> <span class='ocrx_word' id='word_1_294' title='bbox 399 2978 495 3033; x_wconf 93' lang='lat' dir='ltr'>ipso</span> <span class='ocrx_word' id='word_1_295' title='bbox 519 2994 607 3021; x_wconf 90' lang='lat' dir='ltr'>non</span> <span class='ocrx_word' id='word_1_296' title='bbox 625 2980 789 3023; x_wconf 90' lang='lat' dir='ltr'>desunt</span> <span class='ocrx_word' id='word_1_297' title='bbox 812 2979 888 3034; x_wconf 89' lang='lat' dir='ltr'>qui</span> <span class='ocrx_word' id='word_1_298' title='bbox 911 2994 987 3023; x_wconf 91' lang='lat' dir='ltr'>eas</span> <span class='ocrx_word' id='word_1_299' title='bbox 1007 2980 1295 3024; x_wconf 87' lang='lat' dir='ltr'>relaxationis</span> <span class='ocrx_word' id='word_1_300' title='bbox 1319 2983 1451 3024; x_wconf 89' lang='lat' dir='ltr'>horas</span> <span class='ocrx_word' id='word_1_301' title='bbox 1474 2996 1563 3036; x_wconf 94' lang='lat' dir='ltr'>quo</span> <span class='ocrx_word' id='word_1_302' title='bbox 1586 2982 1744 3026; x_wconf 90' lang='lat' dir='ltr'>melius</span> <span class='ocrx_word' id='word_1_303' title='bbox 1766 2983 1853 3024; x_wconf 92' lang='lat' dir='ltr'>col-</span> 
     </span>
    </p>
   </div>
  </div>
 </body>
</html>
