1971 3276
587 196 723 231 EmST.
748 201 969 239 119.—15o5
1003 204 1085 229 AUT
1119 196 1206 238 1566
1609 194 1676 239 535

96 296 320 340 ueniuano
342 311 367 337 a
394 296 573 338 uederlo
596 303 640 337 et
663 311 688 337 a
718 296 1039 337 raccomandar
1061 310 1141 337 sua
1164 295 1311 337 anima
1343 310 1367 336 a
1391 296 1477 337 Dio
1502 297 1558 338 N.
1586 296 1653 346 S„
1679 303 1723 338 et

92 372 187 416 cosi
206 387 412 427 speramo
437 373 522 414 che
548 380 670 413 tanto
698 387 828 415 meno
852 372 886 413 si
911 374 1009 414 sara
1034 372 1264 425 detenuto,
1292 371 1515 414 mediante
1539 373 1578 414 la
1601 372 1720 414 diui-

93 465 149 491 na
182 449 497 499 misericordia,
538 448 758 491 nell⁷altr0
796 449 1071 503 purgatorio,
1111 449 1458 503 hauendoglielo
1490 448 1595 490 dato
1629 448 1722 491 cosi

93 526 319 568 ordinario
347 527 391 567 in
421 540 502 567 sua
537 526 642 577 uita,
684 525 1001 579 specialmente
1035 526 1137 567 nelli
1173 525 1315 566 ultimi
1348 525 1452 566 anni
1486 525 1529 566 di
1562 526 1721 579 quella,

92 605 175 646 che
197 603 308 645 oltre
332 602 343 642 i
369 601 491 643 molti
514 609 558 643 et
587 601 798 643 fruttuosi
835 601 1027 655 trauagli
1055 603 1138 643 che
1168 601 1365 656 pigliaua
1396 616 1470 656 per
1502 602 1542 643 la
1571 601 1723 643 chiesa

92 680 146 721 de
171 678 271 732 Dio,
297 693 373 721 era
399 679 535 719 molto
561 685 778 733 suggetto
803 693 827 719 a
850 677 1030 720 diuerse
1055 677 1267 720 infirmita
1294 685 1338 719 et
1367 677 1523 732 dolori,
1551 677 1579 718 li
1603 677 1722 732 quali

92 770 179 797 non
205 756 451 797 solamente
469 769 558 796 non
581 754 836 804 abhorriua,
860 769 928 795 ma
953 754 980 795 li
1004 754 1202 809 pigliaua
1221 768 1348 796 come
1371 754 1570 797 benefitii
1589 768 1719 808 gran-

92 831 136 873 di
159 840 202 873 et
225 832 445 885 segnalati
467 831 582 872 della
617 830 769 871 diuina
794 845 941 872 mano.
973 831 1003 871 ll
1034 830 1192 884 giorno
1222 839 1455 885 seguente,
1485 832 1568 871 che
1602 831 1647 871 fu
1678 830 1721 871 di

41 933 44 937 ·
91 908 187 950 Sto.
209 907 407 948 Fabiano
429 914 473 948 et
497 906 778 957 Sebastiano,
803 906 839 947 si
861 920 1206 960 congregorono
1225 903 1390 962 [quelli]
1409 908 1493 949 che
1515 907 1590 960 qui
1613 905 1720 948 resi-

90 984 282 1034 deuano,
309 991 352 1026 et
376 983 493 1037 dopo
513 983 555 1024 di
576 984 716 1025 hauer
740 984 862 1024 detta
881 997 1038 1034 messa,
1060 990 1102 1025 et
1126 984 1472 1024 raccomandata
1491 984 1531 1024 la
1548 983 1720 1025 elettio-

92 1075 146 1103 ne
174 1060 244 1102 del
270 1059 435 1100 vicario
460 1074 484 1100 a
507 1059 594 1101 Dio
617 1060 671 1101 N.
695 1060 762 1111 S.‚
789 1060 834 1100 fu
854 1060 991 1101 eletto
1010 1067 1163 1100 nostro
1183 1060 1232 1100 P.
1256 1060 1507 1101 Francesco
1523 1059 1578 1100 de
1603 1061 1717 1101 Bor-

90 1137 180 1191 gia,
201 1138 284 1178 che
307 1150 381 1178 era
406 1150 494 1177 uno
518 1135 619 1178 delli
643 1148 670 1188 4
704 1135 945 1186 assistenti,
982 1150 1059 1190 per
1084 1136 1139 1176 tal
1167 1135 1328 1185 officim
1355 1149 1456 1177 cosa
1481 1137 1566 1177 che
1589 1137 1720 1179 diede

89 1216 183 1255 non'
202 1227 311 1267 poca
333 1212 660 1261 consolacione,
687 1211 724 1254 si
750 1227 773 1253 a
799 1211 932 1266 quelli
957 1212 1071 1254 della
1095 1211 1375 1266 Compagnia
1399 1225 1525 1253 come
1543 1227 1566 1254 a
1586 1212 1720 1266 quelli

89 1289 133 1332 di
170 1292 309 1341 fuora,
347 1288 518 1331 benche
553 1304 641 1329 non
673 1287 766 1330 cosi
790 1304 814 1331 a
837 1287 1018 1342 l'eletto‚
1046 1288 1084 1329 al
1109 1289 1211 1341 qual
1230 1287 1349 1330 serui
1387 1302 1462 1342 per
1486 1303 1544 1329 un
1570 1289 1720 1330 buono

87 1366 291 1410 esercitio
319 1366 362 1408 di
394 1366 636 1420 pacientia.
671 1366 701 1406 Il
732 1366 912 1420 general
945 1372 1106 1415 morto,
1140 1366 1222 1408 che
1251 1364 1314 1406 sia
1345 1364 1388 1406 in
1432 1365 1587 1419 gloria,
1629 1380 1718 1406 non

88 1444 262 1486 haueua
301 1443 455 1484 uolut«)
487 1442 688 1484 nominar
722 1441 887 1483 vicario
917 1444 1226 1497 (quantunque
1256 1449 1431 1496 potesse
1472 1442 1718 1484 nominarlo

89 1519 284 1561 secondo
308 1519 348 1560 le
371 1518 698 1573 constitutioni,
725 1532 772 1560 se
798 1519 987 1561 hauesse
1013 1518 1187 1570 uoluto)
1212 1532 1238 1559 o
1260 1517 1301 1559 lo
1322 1519 1490 1560 facesse
1524 1533 1600 1572 per
1638 1532 1719 1560 sua

90 1595 291 1648 humilta,
315 1595 509 1636 uolendo
539 1595 695 1636 lasciar
725 1602 883 1648 questo
913 1602 1097 1635 assunto
1127 1594 1167 1636 ai
1198 1594 1383 1648 professi
1413 1595 1497 1636 che
1527 1603 1719 1636 stauano

89 1672 180 1725 qui,
214 1687 239 1712 o
277 1685 424 1712 mosso
447 1671 756 1725 dall'esempio
778 1671 847 1713 del
874 1671 930 1714 N.
959 1671 1009 1712 P.
1033 1670 1206 1725 Ignatio
1227 1669 1257 1722 ⁷,
1279 1685 1304 1711 o
1328 1685 1405 1725 per
1428 1670 1526 1712 altri
1547 1670 1717 1725 rispetti

87 1749 169 1790 che
194 1750 398 1790 hauesse.
429 1749 522 1789 Ben
547 1747 582 1788 si
607 1747 879 1801 comprende
902 1748 985 1788 che
1008 1747 1034 1787 il
1061 1761 1142 1788 suo
1163 1746 1361 1801 giudicio
1389 1761 1464 1789 era
1488 1736 1732 1789 conforme

86 1824 130 1865 in
149 1824 218 1866 cio
241 1839 266 1866 a
289 1825 436 1879 quello
460 1824 580 1878 degli
604 1823 782 1865 elettori
816 1824 887 1866 del
920 1823 968 1864 P.
1001 1824 1267 1874 Francesco,
1305 1823 1462 1877 poiche
1492 1824 1608 1866 nella
1637 1837 1717 1865 sua

62 1896 66 1897 ⁷
87 1900 297 1942 infirmita
321 1915 368 1943 se
392 1901 597 1942 l'haueua
616 1899 846 1942 sustituito
872 1914 946 1954 per
970 1913 1081 1954 capo
1103 1900 1159 1941 de
1181 1901 1222 1942 la
1244 1901 1463 1942 consulta.
1491 1900 1712 1955 Sepelim-

89 1992 160 2019 mo
186 1978 224 2019 la
250 1978 494 2020 medesima
518 1992 617 2020 sera
640 1976 668 2017 il
693 1991 773 2018 suo
798 1991 934 2031 corpo
957 1992 980 2018 a
1006 1991 1139 2019 mano
1162 1991 1319 2018 manca
1347 1977 1566 2020 dell’altar
1589 1991 1715 2031 mag-

89 2054 214 2109 giore
233 2054 278 2095 di
295 2063 448 2095 nostra
467 2053 636 2103 chiesa,
658 2053 825 2108 perche
846 2054 931 2095 alla
949 2054 1098 2096 destra
1116 2053 1190 2108 gia
1209 2061 1337 2095 staua
1355 2055 1395 2094 la
1413 2054 1716 2107 sepolturadel

90 2131 144 2173 N.
177 2132 225 2172 P.
254 2130 427 2185 Ignatio
457 2130 500 2172 di
531 2136 658 2172 santa
689 2131 918 2182 memoria3
953 2138 997 2171 et
1027 2129 1063 2172 si
1093 2131 1148 2172 da
1173 2131 1212 2171 13
1235 2129 1476 2171 deuotione
1503 2132 1587 2172 che
1614 2143 1712 2170 mo·

88 2215 302 2248 strauano
324 2205 460 2260 quelli
482 2205 524 2247 di
549 2207 708 2249 dentro
730 2213 774 2248 et
798 2206 841 2247 di
864 2206 975 2248 fuori
995 2207 1110 2248 della
1129 2205 1425 2260 Compagnia,
1447 2204 1490 2246 di
1511 2204 1663 2246 uisitar
1686 2204 1714 2244 il

87 2298 224 2338 corpo
248 2294 291 2326 et
315 2283 520 2325 basciarli
539 2284 580 2324 la
600 2297 748 2334 mano,
770 2290 814 2324 et
833 2283 1088 2326 desiderare
1109 2290 1153 2324 et
1171 2282 1378 2324 chiedere
1396 2282 1586 2335 qualche
1609 2294 1714 2322 cosa

86 2362 158 2402 del
184 2375 280 2412 suo,
305 2374 433 2402 come
455 2360 526 2400 dal
551 2359 822 2402 sentimento
850 2354 1277 2412 uniuersaled’ogni
1302 2365 1420 2400 sorte
1442 2358 1485 2398 di
1511 2365 1647 2412 gente
1669 2357 1712 2398 in

89 2439 227 2479 Roma
251 2445 294 2479 et
320 2435 450 2487 fuori,
477 2436 512 2477 si
539 2436 640 2490 pote
666 2437 828 2478 uedere
851 2436 896 2476 in
920 2436 1006 2478 che
1037 2442 1246 2477 Concetto
1275 2434 1363 2489 egli
1397 2435 1513 2476 fosse
1538 2441 1708 2476 tenuto.

91 2515 143 2555 Et
166 2520 442 2555 certamente
467 2514 728 2566 sulpersona
751 2512 905 2553 dotata
935 2512 990 2552 da
1021 2512 1106 2552 Dio
1136 2512 1191 2553 N.
1217 2511 1263 2554 S.
1291 2512 1345 2552 de
1375 2510 1534 2565 grandi
1563 2518 1607 2553 et
1635 2525 1709 2553 se-

87 2589 254 2644 gnalati
277 2588 400 2641 doni,
429 2595 554 2630 tanto
577 2587 620 2629 di
644 2602 755 2641 gran
783 2587 901 2629 uirtu
932 2595 975 2630 et
1005 2586 1185 2638 santita,
1214 2600 1343 2628 come
1374 2587 1418 2628 di
1448 2587 1620 2642 grande
1648 2586 1712 2628 in—

90 2666 257 2708 telletto
279 2673 323 2707 et
347 2664 543 2706 dottrina
567 2664 697 2719 (della
720 2664 852 2718 quale
875 2678 955 2706 son
979 2663 1147 2705 rimasti
1170 2663 1231 2718 gli
1255 2663 1394 2705 scritti
1418 2662 1516 2704 suoi
1539 2677 1617 2717 per
1640 2677 1710 2704 as-

86 2742 151 2784 sai
172 2741 323 2783 chiaro
347 2740 634 2795 testimonio),
659 2748 703 2782 et
730 2754 820 2782 non
845 2754 977 2783 meno
1005 2740 1048 2781 di
1082 2739 1317 2794 prudentia
1346 2747 1389 2782 et
1413 2739 1611 2794 giudicio
1634 2753 1712 2795 per

86 2819 127 2860 le
148 2831 250 2859 cose
273 2817 343 2858 del
367 2830 588 2872 gouerno,
614 2824 658 2858 et
684 2816 943 2858 finalmente
966 2830 1042 2870 per
1067 2822 1183 2857 tutto
1205 2815 1275 2858 cio
1303 2830 1328 2858 a
1351 2817 1436 2858 che
1458 2815 1492 2858 si
1518 2815 1709 2870 applica-

155 2982 166 3000 ⁷
216 2980 276 3016 Cf.
303 2982 445 3015 Cartas
463 2982 508 3016 de
529 2981 569 3017 S.
592 2981 755 3026 Jgnacio
773 2981 819 3015 de
843 2980 996 3025 Loyola,
1018 2979 1084 3023 VI,
1105 2978 1191 3016 363.
