1971 3276
274 211 342 244 618
785 210 972 244 POLANcr
1000 216 1318 243 COMPLEMENTA

223 312 539 355 defenderunt.
568 313 672 366 Qua
695 311 738 352 in
765 326 811 354 re
835 324 1055 352 summam
1080 309 1250 364 ingenii
1273 309 1405 350 simul
1429 316 1472 351 et
1497 307 1742 352 modestiae
1766 308 1861 350 lau-

225 390 327 432 dem
358 388 457 430 tulit
493 402 705 431 romanus
728 403 752 430 e
785 387 980 442 collegio
1014 386 1275 442 germanico
1309 385 1470 427 nobilis
1498 385 1779 435 adolescens,
1817 385 1860 426 in

227 465 392 508 celebri
417 464 711 506 cardinalium
736 463 1060 517 hominumque
1083 461 1470 504 ornatissimorum
1495 475 1675 503 corona.
1704 461 1861 504 Exter-

228 556 385 583 norum
411 541 734 595 discipulorum
765 539 987 595 profectui
1019 547 1112 581 tum
1143 539 1187 580 in
1210 538 1430 589 doctrina,
1465 545 1559 580 turn
1589 537 1632 579 in
1660 537 1862 580 moribus

227 618 465 673 praecipua
489 632 595 659 cura
619 617 877 659 consultum
903 623 987 668 est;
1014 624 1058 659 et
1082 629 1354 670 quamquam
1377 614 1650 670 cogentibus
1674 629 1860 669 gymna-

223 695 274 736 sii
307 694 547 749 angustiis,
585 700 749 736 octaua
781 692 964 735 dimissa
993 700 1061 735 est
1095 692 1252 735 classis
1286 705 1527 746 puerorum
1558 691 1735 742 infima,
1761 705 1860 733 sua-

224 785 415 825 sumque
438 770 670 826 discipulis
694 770 766 813 uel
792 770 1070 825 paedagogis
1093 784 1269 825 eorum,
1297 776 1346 810 ut
1378 768 1514 823 prima
1541 768 1614 810 illa
1637 781 1860 822 gramma-

225 848 334 889 tices
357 847 613 890 rudimenta
637 846 801 888 alicubi
825 854 954 889 extra
979 846 1220 902 collegium
1247 852 1450 888 nostrum
1475 844 1745 895 ediscerent,
1781 859 1860 886 nu-

224 938 373 966 merus
398 932 546 967 tamen
570 931 639 967 est
662 923 769 965 satis
795 938 1003 978 magnus3
1030 923 1214 965 omnino
1233 937 1369 978 supra
1393 922 1614 972 DCCCC,
1643 928 1690 963 ut
1710 921 1860 975 editus

224 1002 352 1043 nobis
375 1015 531 1043 eorum
555 1001 791 1056 catalogus
822 1000 1003 1043 indicat.
1038 1001 1163 1055 Quot
1194 1014 1400 1055 quaeque
1429 998 1584 1041 classis
1613 998 1861 1053 discipulos

223 1079 409 1131 habeat,
453 1092 534 1119 uos
572 1077 680 1120 item
718 1092 771 1120 ex
812 1076 959 1119 indice
997 1076 1301 1132 cognoscetis.
1346 1075 1605 1118 Institutum
1636 1081 1704 1117 est
1727 1074 1862 1117 etiam

224 1155 396 1210 (idque,
425 1162 473 1197 ut
504 1154 726 1205 cernitur,
759 1168 846 1196 non
878 1154 974 1196 sine
1006 1155 1169 1208 fructu)
1202 1160 1250 1194 ut
1284 1154 1449 1195 classes
1480 1152 1714 1194 inferiores
1749 1151 1864 1194 inter

225 1246 323 1274 sese
354 1232 486 1274 binae
516 1231 744 1286 proximae
788 1245 994 1285 quaeque
1023 1238 1286 1273 concertent
1325 1230 1381 1272 de
1421 1230 1554 1272 rebus
1584 1228 1653 1279 iis,
1696 1227 1862 1282 quibus

226 1309 425 1363 plerique
449 1309 555 1350 dant
580 1322 778 1363 operam.
813 1308 965 1362 Atque
989 1308 1043 1349 ad
1068 1307 1213 1362 ipsum
1238 1321 1328 1360 quo
1352 1305 1600 1348 studiosius
1623 1305 1715 1357 fiat,
1751 1304 1863 1347 solet

224 1386 480 1439 praefectus
507 1385 604 1440 ipse
634 1384 872 1440 gymnasii,
906 1384 1166 1426 huiusmodi
1194 1398 1348 1426 eorum
1381 1381 1765 1437 disputationibus
1794 1380 1860 1423 in·
1896 1394 1918 1439 ſs

224 1471 409 1511 teresse,
439 1461 633 1504 uictores
658 1461 867 1503 laudibus
891 1469 934 1504 et
952 1460 1244 1515 imaginibus,
1271 1459 1430 1502 aliisue
1449 1458 1656 1514 praemiis
1676 1457 1862 1512 quibus·

224 1539 326 1580 darn
347 1553 524 1581 ornare.
552 1539 707 1592 Itaque
731 1537 891 1579 mirum
916 1547 984 1581 est
1007 1545 1174 1591 quanta
1198 1536 1332 1578 animi
1357 1535 1647 1578 contentione
1676 1548 1727 1577 ac
1758 1534 1858 1577 soli-

224 1615 426 1657 citudine
451 1629 498 1657 se
524 1614 648 1669 pueri
673 1615 726 1656 ad
752 1616 862 1657 haec
887 1613 1133 1656 certamina
1162 1621 1440 1669 comparent.

318 1703 388 1744 17.
452 1691 710 1733 Institutum
734 1697 802 1733 est
826 1690 960 1733 etiam
985 1697 1034 1732 ut
1057 1689 1248 1745 singulis
1270 1688 1500 1732 mensibus
1519 1688 1564 1730 in
1589 1702 1860 1742 unaquaque

222 1769 366 1810 classe
391 1772 459 1821 (ut
483 1767 685 1810 cuiusuis
709 1767 887 1822 publice
911 1774 1088 1810 constet
1118 1766 1357 1818 industria)
1386 1765 1555 1807 mensis
1577 1765 1675 1806 eius
1699 1778 1750 1806 ac
1785 1779 1860 1806 su-

225 1844 409 1900 perioris
432 1845 548 1888 inter
571 1858 671 1886 sese
695 1844 1048 1899 scriptiunculae
1066 1844 1374 1894 conferantur;
1403 1850 1451 1884 ut
1475 1841 1667 1897 quisque
1694 1841 1862 1896 optime

223 1937 323 1965 sese
361 1921 518 1976 gessit,
561 1921 620 1962 ita
658 1920 759 1962 loco
794 1919 952 1962 classis
976 1919 1296 1962 honestissimo
1324 1919 1545 1962 considet.
1574 1919 1760 1960 Factum
1794 1925 1862 1960 est

222 1999 356 2041 etiam
397 1998 642 2052 interdum,
684 1997 828 2039 sicubi
867 1996 1010 2051 licuit,
1048 2005 1095 2038 ut
1136 1996 1211 2052 qui
1241 1996 1406 2051 primas
1439 1994 1638 2037 omnium
1680 1995 1862 2045 tulerat,

223 2075 369 2129 ipsum
405 2073 587 2115 honoris
621 2087 781 2115 caussa
810 2073 1136 2116 conscenderet
1167 2072 1413 2127 pulpitum,
1445 2071 1633 2125 eiusque
1673 2069 1859 2112 uictoria

224 2151 279 2192 ab
302 2151 399 2192 aliis
423 2150 622 2193 carmine
645 2158 688 2193 et
713 2151 858 2192 soluta
884 2149 1087 2192 oratione
1110 2149 1429 2191 celebraretur.
1464 2148 1555 2203 Qui
1579 2147 1739 2190 litteris
1772 2149 1857 2188 hu*

222 2227 498 2269 inanioribus
521 2234 701 2277 uacant,
729 2226 757 2267 ii
780 2226 824 2267 in
849 2226 967 2280 stylo
992 2225 1273 2280 potissimum
1298 2232 1582 2268 exercentur.
1610 2225 1766 2277 Itaque
1786 2237 1857 2265 res

222 2304 404 2347 minime
429 2318 547 2345 noua
571 2303 657 2345 iarn
687 2310 755 2345 est
789 2316 947 2344 ornare
977 2304 1143 2345 classes
1173 2310 1216 2345 et
1247 2303 1371 2344 aulas
1400 2300 1579 2356 collegii
1609 2299 1859 2355 germanici

224 2382 293 2424 uel
333 2380 558 2423 seminarii
598 2379 836 2434 descriptis
876 2379 1078 2434 plurimis
1116 2378 1320 2421 versibus
1349 2392 1400 2420 ac
1436 2376 1860 2428 declamationibus,

223 2458 388 2513 quibus
419 2457 613 2512 parietes
642 2456 867 2511 operiunt.
903 2457 1029 2498 Haec
1063 2457 1120 2498 de
1151 2455 1371 2499 classibus
1405 2453 1692 2498 inferioribus
1732 2452 1864 2507 paulo

225 2535 384 2589 fusius,
426 2534 547 2587 quod
582 2533 839 2588 superiores
867 2539 1037 2586 quanto
1069 2532 1157 2574 sint
1193 2532 1308 2583 usui,
1339 2531 1447 2574 satis
1485 2531 1571 2572 iam
1611 2531 1780 2573 Rornae
1813 2529 1862 2571 fit

225 2619 396 2652 notum.

318 2688 384 2731 18.
449 2688 585 2741 Quod
614 2688 670 2729 ad
703 2687 955 2741 profectum
996 2685 1039 2727 in
1071 2684 1230 2740 spiritu
1270 2684 1478 2739 pertinet,
1512 2683 1662 2734 multi,
1695 2696 1861 2737 magna

225 2770 375 2804 nostra
398 2777 500 2804 curn
528 2764 776 2817 uoluptate,
804 2763 860 2804 ad
883 2776 1017 2805 omne
1047 2762 1188 2803 decus
1218 2760 1522 2815 pietatemque
1551 2758 1857 2809 christianam,

223 2844 356 2891 atque
379 2839 491 2881 adeo
515 2840 570 2881 ad
595 2839 689 2894 ipsa
714 2838 896 2881 Domini
921 2838 1060 2880 nostri
1086 2836 1271 2879 consilia
1292 2837 1421 2879 ualde
1440 2835 1650 2891 propensi
1668 2849 1861 2877 cernun-

224 2921 310 2957 tur.
339 2915 485 2956 Aucta
510 2923 579 2956 est
601 2915 733 2957 etiam
764 2922 808 2957 et
841 2921 1036 2970 augetur
1060 2914 1103 2955 in
1134 2913 1229 2955 dies
1259 2913 1333 2966 (de
1357 2927 1444 2967 qua
1473 2911 1632 2967 scripsi
1655 2911 1741 2954 iam
1778 2925 1858 2952 an-

224 2990 310 3041 tea)
340 2991 558 3044 quaedam
602 2999 890 3033 externorum
929 2989 1183 3032 auditorum
1224 2989 1457 3040 sodalitas,
1491 2988 1564 3030 cui
1595 3002 1619 3029 a
1658 2986 1858 3029 Domina
