1971 3276
556 203 690 235 Epis‘s.
725 199 874 242 ¹3--15
905 201 1070 234 APmLis
1103 208 1186 242 1547
1581 197 1625 231 33

846 321 892 372 13

220 444 515 479 SENTENTIA
546 445 613 478 DE
640 444 851 478 ITINERE
879 442 1110 479 POLANCI
1136 442 1190 476 IN
1219 441 1510 476 HISPANIAM

576 553 720 580 ROMAE
751 552 791 587 15
820 552 982 579 APRILIS
1015 552 1101 588 1547
1130 544 1156 578 ¹.

54 646 276 680 Polancum
309 656 386 679 non
415 646 542 680 teneri
567 647 660 679 ante
685 644 897 679 solemnem
923 643 1213 689 professionem
1242 643 1413 678 invisere
1443 642 1678 687 consangui-

124 715 213 739 neos
232 705 273 738 in
293 703 496 748 Hispania
514 704 713 750 degentes‚·
732 704 858 738 teneri
885 715 990 749 vere,
1011 705 1205 748 quantum
1234 703 1277 736 in
1304 702 1387 747 ipso
1407 701 1496 742 erit,
1521 704 1678 746 patrem

122 774 239 796 suum
258 762 331 796 sibi
345 762 560 797 conciliare
577 766 612 796 et
627 762 853 797 benevolum
874 761 1037 807 efficere.

145 848 233 890 [hs.
262 847 368 898 Nos,
394 847 466 888 Fr.
494 845 762 888 Vincentius
785 846 929 888 Lunel
953 844 981 897 ²,
1007 845 1175 888 ordinis
1199 845 1341 887 sancti
1372 844 1615 896 Francisci,
1637 850 1681 886 et

55 923 311 966 licentiatus
334 923 624 977 Xpophorus.
653 920 707 965 de
732 921 905 964 Madrid
936 921 967 975 ³,
995 921 1142 977 rogati
1170 936 1194 962 a
1223 920 1403 963 domino
1427 920 1603 976 Ignatio
1626 920 1682 962 de

57 1001 240 1054 Loyola,
269 998 495 1053 preposito
519 998 758 1041 Societatis
774 1000 898 1054 Jesu,
923 1006 969 1039 vt
991 997 1261 1040 sententiam
1293 1004 1490 1039 nostram
1515 998 1681 1040 dicere—

56 1090 155 1117 mus
173 1089 307 1129 super
329 1074 465 1116 dubio
484 1075 678 1128 quodam
702 1081 995 1117 controuerso
1020 1075 1135 1117 inter
1152 1076 1373 1130 Joannem
1398 1075 1681 1128 Alphonsum

58 1153 112 1194 de
133 1152 331 1194 Polanco
355 1158 398 1194 et
422 1150 519 1194 eius
536 1158 745 1206 parentes
762 1159 806 1193 et
831 1151 1207 1205 consanguineos,
1227 1165 1282 1193 an
1303 1150 1531 1205 predictus
1548 1151 1683 1205 Joan-

61 1243 139 1272 nes
163 1229 443 1282 AlphonsuS,
470 1241 550 1282 pro
573 1227 724 1270 debita
749 1227 1008 1282 parentibus
1031 1228 1285 1269 obedientia
1308 1233 1353 1269 et
1376 1226 1680 1276 obseruantia,

58 1313 264 1349 teneatur
287 1305 423 1360 patris
447 1304 714 1360 presentiam
739 1303 877 1356 adire,
905 1311 1143 1357 antequam
1169 1305 1313 1359 palam
1335 1303 1596 1359 profiteatur
1622 1316 1684 1344 re-

58 1381 272 1437 ligionem
290 1383 416 1438 JeSU,
443 1381 498 1423 ad
522 1380 651 1422 cuius
674 1380 930 1435 ingressum
960 1395 1073 1435 pene
1104 1394 1182 1422 sex
1212 1387 1317 1422 ante
1346 1394 1486 1421 annos
1511 1386 1615 1421 voto
1640 1394 1688 1421 se

59 1459 311 1511 obstrinxit,
336 1465 379 1501 et
402 1458 447 1499 in
471 1472 526 1502 eo
552 1457 872 1512 perseuerauit:
900 1458 1118 1500 habentes
1141 1456 1279 1512 igitur
1304 1458 1449 1500 Deum
1475 1470 1553 1511 pre
1583 1470 1687 1497 ocu-

60 1535 128 1587 lis,
156 1535 389 1590 pensitatis
413 1534 515 1576 hinc
540 1542 676 1588 atque
705 1533 825 1575 illinc
856 1533 1120 1585 rationibus,
1151 1533 1409 1587 judicamus
1440 1532 1688 1588 predictum

61 1613 348 1666 Alphonsum
372 1611 495 1653 nullo
514 1611 615 1666 jure
640 1611 781 1653 teneri
805 1617 909 1652 ante
933 1609 1256 1664 professionem
1282 1617 1491 1664 parentes
1515 1623 1620 1650 suos
1644 1609 1687 1649 in

61 1688 279 1743 Hispania
312 1695 501 1743 agentes
534 1687 732 1730 visitare.
767 1690 851 1738 2.⁰,
884 1687 1003 1737 Quod
1038 1686 1153 1727 intra
1186 1700 1353 1728 annum
1386 1686 1631 1740 integrum,
1665 1700 1689 1726 a

61 1765 162 1807 data
200 1765 335 1806 huius
379 1765 748 1819 computandum,
790 1778 879 1805 non
919 1763 1057 1818 possit
1097 1762 1420 1817 professionem
1465 1762 1684 1805 emittere.
1727 1765 1731 1769 '

60 1842 144 1896 3.0,
172 1841 291 1896 quod
315 1843 399 1882 hoc
425 1840 637 1895 temporis
656 1840 882 1882 curriculo
907 1847 1112 1882 teneatur
1132 1847 1301 1893 patrem
1326 1853 1456 1880 suum
1483 1839 1687 1892 frequen-

63 1918 180 1960 tibus
204 1917 342 1959 literis
365 1931 547 1960 monere
570 1925 614 1958 et
645 1917 688 1958 in
720 1917 913 1959 Domino
942 1915 1126 1970 hortari,
1157 1924 1307 1969 atque,
1336 1922 1558 1969 quatenus
1591 1924 1687 1968 pwt-

61 1995 157 2046 erit,
184 1995 471 2049 persuadere,
498 1993 759 2036 sodalicium
783 1993 902 2035 istud
933 2008 954 2033 a
986 1993 1091 2034 sede
1120 1992 1363 2051 apostolica
1393 2006 1491 2034 esse
1524 2006 1687 2046 appro-

63 2071 232 2124 batum,
259 2085 311 2113 ac
337 2070 516 2125 deinde,
544 2071 664 2125 quod
687 2070 781 2124 ipse
806 2084 905 2112 sese
929 2077 1034 2111 voto
1057 2083 1205 2110 coram
1233 2070 1328 2110 Deo
1362 2069 1479 2110 sacto
1503 2069 1686 2110 dedica-

65 2147 144 2198 uit,
171 2162 196 2190 a
219 2162 307 2202 quo
325 2148 456 2202 juxta
479 2147 659 2189 Domini
690 2148 967 2188 voluntatem
1002 2145 1169 2188 resilire
1203 2160 1293 2186 non
1329 2152 1491 2200 potest;
1519 2152 1562 2187 et
1588 2153 1688 2186 tan-

61 2225 162 2267 dem
198 2224 316 2278 quod
349 2231 499 2279 sperat
538 2238 585 2266 se
622 2223 880 2265 habiturum
923 2238 946 2264 a
986 2222 1167 2264 Christo
1206 2221 1399 2276 gratiam
1440 2222 1690 2276 predictum

66 2308 234 2356 patrem
259 2300 384 2344 breui
407 2300 450 2341 in
474 2315 601 2342 suam
625 2299 891 2343 sententiam
912 2299 1080 2349 venire,
1107 2305 1151 2340 et
1174 2298 1369 2340 vicissim
1393 2298 1505 2352 patri
1530 2311 1689 2339 conso-

63 2377 303 2427 lationem,
323 2376 643 2428 visitationem,
676 2383 720 2418 et
749 2375 1083 2419 venerationem
1115 2374 1377 2430 parentibus
1406 2374 1619 2424 debitam,
1646 2382 1689 2416 vt

67 2468 143 2508 par
166 2462 248 2504 est,
275 2453 505 2496 exhibere.

154 2531 269 2572 Acta
296 2532 450 2585 Rome,
477 2530 650 2572 decima
674 2530 829 2584 quinta
854 2528 1020 2584 Aprilis
1043 2527 1146 2569 anni
1178 2538 1303 2580 1547.

138 2649 148 2666 1
204 2649 256 2681 Ex
275 2648 450 2692 originali
476 2648 513 2681 in
539 2646 671 2681 codice
699 2647 823 2691 Epist.
852 2646 1060 2685 diversor„
1083 2656 1119 2680 n.
1146 2652 1180 2688 7,
1208 2644 1312 2689 prius
1344 2653 1396 2688 17,
1419 2651 1457 2678 et
1488 2646 1603 2680 etiam
1636 2654 1690 2680 [ο.

67 2705 379 2750 subscriptiones
399 2712 488 2740 sunt
507 2706 779 2750 autographae.
803 2705 939 2738 Exstat
958 2703 1059 2738 aliud
1079 2704 1275 2748 exemplar
1291 2714 1376 2744 ms„
1394 2704 1440 2739 ab
1456 2703 1538 2748 ipso
1560 2705 1694 2738 Potan-

66 2775 111 2798 co
129 2766 373 2808 castigatum,
393 2776 491 2810 quae
510 2764 623 2808 hujus
642 2763 861 2797 adversaria
886 2761 1005 2796 fuisse
1030 2761 1223 2796 videntur.
1252 2762 1312 2795 Ad
1340 2761 1452 2807 hujus
1471 2762 1692 2797 documenti

68 2822 365 2868 intelligentiam
385 2823 473 2857 vide
492 2834 590 2868 quae
609 2822 788 2856 dicuntur
810 2822 847 2855 in
865 2822 1041 2856 Monuni.
1063 2821 1213 2866 Ignat„
1234 2830 1307 2857 ser.
1335 2821 1401 2864 La,
1423 2821 1454 2862 1,
1476 2822 1643 2865 468-469,

137 2882 149 2901 ²
200 2881 403 2925 Quondam
426 2882 599 2916 minister
617 2881 810 2925 generalis
838 2878 1007 2915 Ordinis.

138 2942 150 2958 ³
202 2941 274 2974 Hic
293 2942 447 2975 celebre
467 2946 599 2985 postea
619 2950 758 2974 nomen
778 2939 815 2972 in
837 2938 1031 2973 Societate
1059 2939 1281 2985 adquisivit.
1307 2940 1364 2973 De
1384 2950 1431 2972 eo
1454 2941 1593 2983 passim
1615 2941 1693 2982 agi-

70 3006 129 3034 tur
149 3000 186 3033 in
205 3000 346 3033 nostris
368 2999 646 3033 Monumentis.

213 3063 366 3092 I'OLANcl
386 3068 639 3091 COMPLEMENTA
1538 3064 1553 3089 3
