1971 3276
278 218 349 252 620
786 216 973 251 POLANcr
1000 223 1320 250 COMPLEMENTA

231 319 376 369 datos,
403 317 534 360 iussit
557 317 742 372 perinde
767 315 945 359 tractari
966 323 1102 370 atque
1124 322 1273 369 antea,
1295 317 1381 358 hoc
1404 323 1487 369 est,
1513 315 1695 370 perinde
1719 330 1771 358 ac
1793 331 1869 359 ce·

231 395 313 438 teri
342 409 500 438 omnes
528 395 769 437 habentur.
808 393 938 436 Multi
971 392 1015 434 in
1049 407 1103 435 eo
1136 392 1436 435 contubernio
1467 407 1492 435 e
1521 406 1695 434 summa
1726 392 1869 436 totius-

231 473 369 515 ferme
399 473 608 526 Europae
638 470 871 513 nobilitate
904 477 1162 513 censentur.
1198 470 1233 510 E
1263 469 1428 510 nostris
1456 477 1605 511 autem
1639 468 1701 510 ibi
1735 470 1789 511 III
1821 479 1865 511 et

230 550 364 591 XXX
389 555 644 598 uersantur‚
671 561 787 601 quos
812 546 1078 588 monstrabit
1096 546 1248 598 index3
1272 553 1447 600 praeter
1470 546 1641 600 aliquot
1660 546 1771 588 alios
1789 546 1863 600 qui

228 625 273 665 in
303 624 578 667 Societatem
613 622 752 678 recipi
787 623 1083 678 postulantes,
1110 631 1214 664 ante
1238 637 1371 676 quam
1402 636 1480 664 eos
1508 622 1565 664 ad
1589 621 1862 664 nouitiorum

231 708 409 743 coetum
445 714 767 756 aggregemus,
800 714 855 742 ex
889 702 972 742 hac
1006 699 1147 743 ueluti
1183 699 1365 754 praeuia
1399 698 1647 754 germanici
1686 698 1868 753 collegii

235 778 500 832 probatione
522 777 832 828 aestimantur;
859 777 1024 831 quibus
1046 776 1256 818 omnibus
1285 782 1330 818 et
1353 775 1406 817 iis
1428 775 1503 829 qui
1528 775 1866 818 continuandae

234 853 510 909 probationis
549 867 709 895 caussa
753 853 859 894 illuc
889 868 914 895 e
941 852 1189 896 domestica
1223 851 1487 907 probatione
1521 851 1784 901 mittuntur,
1821 851 1864 893 in

232 938 403 974 semota
427 930 603 972 aedium
629 937 771 985 parte,
798 944 900 971 cum
926 944 1009 971 suo
1034 931 1259 984 praefecto
1283 928 1358 983 qui
1383 929 1481 970 illos
1499 928 1542 969 in
1562 928 1711 970 officio
1730 942 1781 970 ac
1800 942 1863 971 re-

231 1007 400 1062 ligione
422 1007 668 1060 contineat,
695 1014 847 1049 certus
871 1007 925 1048 ad
944 1006 1265 1048 diuersandum
1286 1006 1412 1046 locus
1431 1013 1498 1048 est
1522 1005 1783 1047 attributus.
1804 1004 1865 1047 Hi

234 1098 362 1139 porro
385 1084 429 1125 in
455 1084 717 1126 uniuersum
740 1083 974 1125 domestici
998 1082 1137 1124 nostri
1162 1078 1435 1123 nouitiOrum
1462 1081 1674 1136 praefecti
1702 1089 1863 1123 nutum

235 1169 370 1215 atque
395 1160 707 1202 auctoritatem
732 1168 1002 1214 sequuntur.

324 1250 394 1282 21.
462 1237 869 1279 Contubernalium
909 1245 1058 1278 autem
1098 1236 1298 1291 ipsorum
1338 1250 1440 1278 cum
1475 1236 1519 1277 in
1559 1235 1734 1289 litteris,
1773 1243 1865 1277 tum

237 1329 344 1357 uero
371 1315 415 1356 in
441 1315 600 1369 spiritu
635 1315 864 1369 profectus
898 1313 1099 1368 quotidie
1131 1314 1346 1356 cernitur.
1384 1314 1533 1368 Quam
1564 1313 1620 1355 ad
1650 1327 1741 1355 rem
1778 1326 1866 1354 non

235 1391 517 1433 mediocriter
548 1392 755 1445 profuere
784 1390 826 1431 in
860 1390 1053 1445 singulis
1082 1390 1317 1432 ordinibus
1346 1390 1389 1445 (ii
1414 1405 1469 1432 ex
1499 1396 1695 1432 aetatum
1730 1389 1868 1432 ferme

233 1468 376 1523 gradu
419 1476 509 1511 tres
548 1476 670 1518 sunt,
712 1481 1008 1520 summorum⁷
1036 1466 1284 1509 mediorum
1315 1474 1359 1508 et
1389 1466 1685 1519 intimorum),
1711 1466 1867 1521 singu-

232 1545 270 1586 la
296 1544 503 1599 priuatim
529 1544 733 1586 sodalitia
758 1544 1020 1595 constituta3
1052 1544 1108 1585 ad
1138 1558 1252 1598 quae
1283 1544 1595 1585 tantummodo
1626 1550 1746 1597 patet
1771 1543 1864 1584 acli-

236 1628 308 1663 tus
331 1621 384 1662 iis
408 1621 484 1675 qui
509 1621 753 1677 praecipuo
782 1621 975 1674 quodam
1006 1620 1156 1663 studio
1186 1620 1365 1674 pietatis
1390 1627 1618 1674 tenentur;
1651 1630 1787 1673 atque
1810 1620 1868 1661 ob

232 1698 275 1738 id
307 1698 453 1753 ipsum
495 1698 738 1752 precationi
771 1698 870 1752 plus
901 1696 1114 1751 temporis
1142 1696 1372 1751 aliquanto
1404 1696 1622 1747 tribuere,
1649 1698 1703 1738 de
1733 1697 1868 1738 rebus

233 1774 509 1829 spiritalibus
534 1789 684 1829 agere,
711 1775 869 1816 crebro
891 1774 1025 1816 etiam
1057 1781 1337 1816 sacramenta
1368 1773 1596 1828 suscipere
1625 1788 1715 1814 non
1740 1787 1866 1816 recu-

232 1859 348 1893 sant.
378 1854 532 1906 Itaque
557 1866 603 1894 re
627 1851 721 1906 ipsa
745 1851 829 1893 iam
855 1858 1031 1892 constat
1056 1851 1198 1891 bonos
1227 1850 1391 1892 ibidem
1416 1849 1458 1891 in
1490 1850 1659 1892 virtute
1682 1850 1867 1904 profice—

235 1942 299 1983 re,
326 1936 500 1971 ceteros
524 1935 673 1971 autem
699 1927 806 1969 eniti
837 1934 886 1969 ut
915 1928 971 1968 ad
1000 1926 1256 1968 huiusmodi
1286 1934 1442 1969 coetus
1468 1941 1557 1968 non
1590 1926 1765 1981 indigni
1792 1928 1867 1968 ha-

233 2006 440 2057 beantur3
468 2004 511 2045 in
537 2019 649 2058 quos
672 2011 910 2058 postquam
930 2002 1142 2058 adscripti
1161 2009 1282 2054 sunt,
1305 2002 1517 2045 adhibitis
1536 2003 1742 2045 remediis
1762 2017 1866 2058 pau-

233 2080 355 2122 latim
381 2088 596 2122 curantur
619 2087 664 2122 et
692 2081 978 2131 excoluntur3
1012 2093 1063 2120 ac
1093 2086 1246 2121 tantus
1274 2079 1457 2121 omnino
1481 2079 1524 2120 in
1554 2079 1778 2134 plerisque
1801 2095 1867 2122 ar-

235 2157 315 2198 dor
338 2157 474 2199 animi
497 2171 549 2199 ac
572 2157 771 2200 studium
798 2156 973 2211 pietatis
996 2157 1160 2206 elucet,
1187 2163 1236 2197 ut
1258 2156 1419 2209 flagra,
1444 2156 1609 2199 ieiunia
1632 2163 1676 2198 et
1706 2156 1791 2198 alia
1823 2156 1868 2198 id

233 2247 379 2288 genus
418 2233 781 2289 efflagitantium,
825 2240 971 2275 rector
1008 2232 1083 2274 uix
1117 2232 1446 2287 importunitati
1477 2232 1672 2286 resistat,
1713 2240 1757 2275 et
1795 2247 1865 2274 co-

234 2318 369 2365 gatur
392 2310 618 2351 interdum
643 2309 790 2363 aliqua
815 2310 919 2365 (non
953 2318 1100 2350 tamen
1131 2308 1226 2351 sine
1257 2309 1577 2363 moderatione)
1601 2309 1863 2352 concedere.

232 2387 469 2430 Sodalitati
505 2386 709 2428 Nominis
733 2386 832 2437 Dei,
860 2400 993 2440 quam
1019 2385 1374 2427 iuramentorum
1406 2385 1650 2440 appellant,
1689 2400 1861 2440 pauco—

233 2478 329 2505 rum
354 2463 562 2518 exemplo
587 2462 786 2514 adducti,
815 2462 995 2505 nomina
1014 2470 1151 2504 ceteri
1172 2462 1336 2517 pariter
1354 2476 1510 2505 omnes
1530 2462 1710 2505 dedere.
1737 2462 1867 2504 Multi

235 2539 368 2582 etiam
393 2555 417 2582 e
440 2539 717 2594 spiritalibus
748 2539 911 2581 nostris
941 2538 1309 2581 meditationibus
1341 2539 1535 2580 fructum
1570 2552 1730 2593 cepere
1766 2553 1862 2593 per-

233 2629 464 2669 magnum.
493 2617 634 2659 Multa
659 2630 842 2670 quoque
865 2615 1018 2658 obiere
1043 2630 1227 2658 munera
1246 2615 1459 2667 caritatis,
1484 2616 1862 2669 quemadmodum

233 2691 348 2733 infra
375 2706 456 2733 suo
479 2694 576 2734 loco
606 2700 875 2747 exponeturq
908 2692 1102 2734 Multum
1133 2705 1242 2734 uero
1265 2691 1423 2745 etiam,
1458 2692 1786 2746 praefectorum
1822 2698 1866 2734 et

234 2768 410 2821 publice
448 2776 491 2811 et
532 2769 739 2823 priuatim
778 2768 943 2810 habitis
981 2767 1370 2810 cohortationibus
1400 2782 1453 2809 ac
1488 2767 1686 2818 monitis,
1724 2767 1863 2808 adiuti

234 2851 356 2887 sunt.

323 2932 395 2964 22.
463 2923 739 2976 Progressus
760 2936 915 2964 eorum
941 2922 986 2963 in
1006 2921 1146 2965 literis
1165 2935 1382 2976 perquam
1401 2921 1640 2976 diligenter
1660 2928 1862 2965 curatur.

235 2996 308 3037 Ad
332 3010 428 3038 eam
453 3011 634 3051 operam
660 3013 792 3052 quam
818 2999 861 3040 in
886 2998 1079 3053 collegio
1104 3005 1257 3039 nostro
1286 2997 1549 3039 doctoribus
1573 2998 1704 3052 dant,
1731 2997 1864 3038 etiam
