1971 3276
570 241 706 277 EPIST.
744 240 891 275 128.-—1
917 240 1115 284 JANUARll
1147 239 1234 283 1567
1604 239 1668 272 611

93 343 206 398 pius,
232 342 276 383 in
299 342 449 383 culina
471 348 515 383 et
539 340 730 382 triclinio
753 340 1038 382 ministrauit.
1067 341 1218 394 Atque
1242 339 1311 380 his
1329 338 1515 394 aliisque
1538 338 1719 382 vniuer-

89 419 257 462 salibus
280 433 359 474 pro
383 418 452 460 sui
474 418 609 460 officii
640 420 814 460 ratione
847 417 1049 472 negociis
1079 417 1198 458 domi
1231 416 1426 470 forisque
1461 415 1717 470 impeditus,

91 503 320 551 praeterea
343 495 504 538 affecta
534 495 620 537 iarn
650 501 797 537 aetate
825 502 869 536 et
896 507 1102 548 corpore,
1135 492 1443 543 nihilominus,
1476 500 1633 547 erepto
1668 507 1722 535 ex

91 572 197 628 ipsis
219 571 593 626 occupationibus
617 571 723 623 otio,
750 577 880 613 uacat
904 570 1038 614 etiarn
1059 571 1192 612 rebus
1215 569 1268 611 iis
1292 583 1403 623 quas
1425 569 1721 624 congregatio

91 648 315 704 generalis
336 647 376 691 ei
400 647 736 691 commendatas
759 646 951 701 reliquit3
979 660 1167 700 quarum
1191 646 1356 687 multas
1374 649 1443 699 (ut
1466 645 1597 688 etiam
1623 644 1722 687 istic

91 725 237 780 aliqua
269 739 324 767 ex
348 731 472 779 parte
504 738 636 766 nosse
659 738 741 765 uos
765 724 887 778 puto)
911 737 999 765 non
1023 723 1119 764 sine
1137 736 1303 777 magno
1322 730 1499 764 nostrae
1523 722 1719 765 Societa-

91 801 145 844 tis
166 801 471 843 emolumento
500 800 748 852 constituit;
781 808 917 854 atque
950 807 997 841 ut
1022 813 1092 841 res
1121 798 1269 860 coepit
1293 798 1372 850 ire,
1407 798 1538 841 ualde
1570 811 1719 853 spera-

91 892 190 920 mus
213 892 379 919 numen
402 876 605 918 diuinum
630 876 839 919 omnibus
861 876 957 918 eius
980 883 1022 919 et
1040 875 1236 917 consiliis
1259 882 1302 917 et
1321 875 1573 917 actionibus
1593 889 1717 929 prae-

90 954 221 1008 cipua
244 953 525 1008 benignitate
549 967 769 1008 praeesse.

176 1043 218 1084 4.
286 1029 433 1081 Domi,
461 1038 634 1084 praeter
655 1029 755 1081 alia,
783 1030 1040 1084 regularum
1065 1043 1245 1083 quoque
1279 1036 1322 1072 et
1351 1027 1599 1070 officiorum
1623 1041 1717 1069 cor-

90 1107 227 1150 rectio
250 1116 293 1149 et
318 1106 555 1157 restrictio,
583 1121 638 1149 ex
667 1107 850 1149 decreto
874 1105 1241 1160 congregationis
1265 1103 1488 1159 generalis
1517 1112 1717 1157 curatur,

92 1184 225 1239 idque
248 1183 440 1225 maxima
464 1183 551 1225 iam
574 1197 629 1225 ex
653 1190 778 1238 parte
804 1184 1052 1237 perfectum
1077 1189 1161 1232 est,
1193 1181 1400 1223 Patribus
1424 1196 1475 1224 ea
1499 1181 1554 1223 de
1584 1195 1630 1224 re
1653 1180 1721 1222 bis

94 1260 317 1304 interdum
343 1259 388 1301 in
412 1259 483 1301 die
507 1258 903 1302 conuenientibus·

179 1347 219 1390 5.
288 1335 372 1379 Die
406 1336 481 1390 qui
520 1335 601 1377 fuit
634 1350 760 1378 sacer
790 1334 1083 1390 assumptioni
1113 1334 1397 1377 beatissimae
1421 1333 1637 1386 Virginis,
1665 1335 1720 1375 ad

93 1413 405 1455 coadiutorum
439 1411 736 1467 spiritualium
773 1426 1024 1462 numerum,
1060 1425 1219 1465 magna
1257 1410 1605 1452 domesticorum
1645 1424 1717 1452 ex-

90 1496 409 1543 ternorumque
433 1488 599 1530 laetitia
625 1491 756 1530 Pater
791 1496 942 1531 noster
970 1488 1193 1543 generalis
1226 1501 1388 1530 nouem
1413 1487 1542 1529 simul
1574 1501 1718 1529 sacer-

90 1567 217 1609 dotes
240 1565 491 1620 adscripsit,
518 1579 708 1619 quorum
734 1564 913 1606 nomina
936 1579 991 1607 ex
1019 1564 1174 1605 ordine
1204 1563 1415 1618 temporis
1445 1577 1534 1618 quo
1557 1563 1602 1605 in
1633 1564 1715 1607 So—

90 1642 265 1685 cietatis
283 1641 547 1697 probatione
566 1642 747 1684 fuerunt
767 1640 964 1691 admissi,
987 1641 1097 1682 haec
1116 1647 1236 1682 sunt:
1263 1642 1314 1683 P.
1339 1639 1593 1682 Gulielmus
1613 1641 1718 1681 Fer-

89 1719 280 1771 nandez,
314 1721 364 1760 P.
400 1718 603 1773 Baptista
634 1718 878 1772 Romanus,
915 1719 964 1758 P.
986 1718 1211 1773 Josephus
1242 1717 1459 1769 Blondus,
1496 1718 1545 1759 P.
1579 1717 1741 1759 Fran—'

89 1796 237 1838 ciscus
272 1797 498 1846 Petrarca,
538 1796 589 1837 Ρ.
628 1793 891 1837 Dominicus
929 1794 1114 1843 Cossus,
1153 1793 1439 1847 P..Joannes
1473 1794 1717 1846 Xauerius,

92 1874 142 1916 P.
171 1871 438 1914 Vincentius
463 1872 660 1922 Brunus,
690 1872 739 1913 P.
767 1869 952 1913 Curtius
975 1869 1222 1919 Amodeus,
1249 1876 1293 1911 et
1316 1869 1471 1910 iisdem
1496 1880 1621 1910 ortus
1644 1883 1719 1923 pa-

90 1948 293 1992 rentibus
316 1950 367 1990 P.
402 1947 672 1990 Laurentius
702 1947 953 1999 Amodeus,
985 1947 1145 1987 domus
1174 1946 1308 1987 huius
1338 1945 1555 1987 minister.
1590 1947 1718 2000 Quos

68 2027 224 2068 ‘Pater
247 2032 400 2067 noster
430 2024 669 2079 generalis,
702 2031 746 2066 et
776 2023 885 2065 alios
915 2023 991 2078 qui
1021 2022 1152 2064 simul
1182 2023 1381 2074 aderant,
1415 2022 1566 2064 habita
1596 2022 1716 2076 prius

89 2101 292 2144 oratione
315 2101 446 2143 ualde
465 2108 787 2143 commouerat.
813 2102 953 2142 Porro
976 2099 1031 2141 ad
1050 2099 1395 2154 gratulationem
1420 2113 1522 2140 cum
1546 2113 1600 2140 ex
1624 2098 1718 2152 ipsa

91 2178 152 2220 rei
187 2178 389 2220 nouitate
425 2177 614 2219 multum
648 2176 853 2227 accessit,
887 2176 1007 2230 quod
1037 2176 1064 2216 ii
1095 2175 1292 2217 omnium
1323 2175 1450 2229 primi
1483 2176 1648 2216 Romae
1673 2174 1717 2215 in

90 2269 192 2297 eum
222 2253 422 2296 ordinem
453 2253 554 2296 lecti
584 2261 689 2295 sunt
714 2253 745 2304 ⁴3
775 2261 867 2294 tum
893 2266 1000 2293 uero
1023 2252 1197 2305 exipso
1220 2266 1387 2306 genere
1412 2264 1718 2305 personarum,

91 2330 210 2385 quod
228 2329 488 2371 confessarii
506 2337 611 2370 sunt
635 2342 791 2370 omnes
813 2327 956 2383 periti,
973 2328 1323 2369 concionatores
1347 2327 1561 2381 plerique,
1588 2325 1715 2367 multi

89 2406 223 2449 etiam
248 2406 303 2448 ad
326 2404 700 2460 gubernationem
724 2405 924 2458 aliosque
952 2403 1188 2447 Societatis
1214 2417 1320 2444 usus
1349 2403 1513 2453 idonei,
1542 2401 1716 2445 tametsi

93 2482 228 2525 uariis
249 2482 306 2525 de
327 2480 498 2523 caussis
521 2480 721 2536 impediti
746 2480 985 2535 quominus
1004 2479 1229 2534 integrum
1248 2479 1519 2521 curriculum
1539 2477 1714 2519 studio-

93 2573 190 2601 rum
229 2558 520 2609 conficerent,
562 2572 665 2600 eum
700 2571 832 2612 quem
866 2556 955 2598 dixi
989 2557 1177 2610 gradum
1212 2569 1266 2598 ex
1299 2554 1713 2606 constitutionibus,

93 2651 194 2678 cum
225 2637 474 2678 animorum
507 2648 690 2678 suorum
721 2634 1045 2683 consolatione,
1078 2640 1182 2674 sunt
1212 2631 1418 2686 amplexi.
1453 2632 1535 2674 Die
1567 2639 1716 2674 autern

164 2796 178 2815 4
227 2796 418 2841 Tempore
436 2801 564 2830 tamen
585 2795 624 2830 S.
647 2794 782 2839 Ignatii
803 2793 892 2828 lecti
911 2798 1020 2827 erant
1040 2792 1080 2829 Ρ.
1097 2792 1234 2825 Petrus
1254 2790 1443 2825 Codacius
1469 2796 1508 2825 et
1540 2790 1580 2826 P.
1603 2791 1718 2835 Jaco—

93 2856 164 2890 bus
193 2855 242 2889 de
267 2856 402 2901 Eguia3
432 2855 588 2889 Lainius
614 2859 743 2888 autem
775 2853 812 2887 in
843 2852 1021 2886 eumdem
1051 2851 1212 2895 gradum
1243 2851 1452 2895 assumpsit
1475 2852 1591 2893 (anno
1620 2851 1722 2894 1560)

95 2915 135 2948 P.
150 2913 291 2959 [David
310 2913 513 2950 Wolfium.
536 2913 600 2947 Sic
621 2924 668 2947 ex
688 2911 872 2956 catalogis
892 2911 1031 2945 nostris
1052 2922 1141 2946 mSS.
1163 2909 1224 2948 Cf.
1244 2921 1370 2955 supra,
1393 2909 1505 2955 epist.
1527 2917 1584 2953 70,
1619 2922 1656 2945 n.
1685 2920 1720 2953 4.

93 2973 266 3007 Forsitan
288 2983 377 3006 vero
396 2984 443 3007 ex
464 2984 509 3006 eo
529 2972 631 3006 dicat
651 2982 751 3005 nunc
771 2970 934 3015 primum
954 2970 1088 3011 lectos,
1110 2968 1198 3014 quia
1228 2968 1280 3002 illi
1300 2968 1363 3002 alii
1384 2968 1467 3002 sine
1486 2967 1719 3013 cerimoniis,

94 3043 165 3066 nec
185 3032 338 3076 publice
359 3032 510 3065 emissis
532 3030 633 3065 votis
653 3030 729 3064 sint
750 3028 921 3062 admissi.
