1971 3276
525 240 667 274 EpisT.
692 237 843 281 72.—31
867 238 1114 271 DECEMBRJS
1137 237 1219 279 1561
1582 236 1649 279 203

73 343 245 385 maniae
270 341 489 396 principes
514 340 652 381 multa
676 337 914 381 Societatis
934 337 1123 391 collegia
1146 334 1447 379 instituerent.
1471 338 1570 378 Hoc
1594 351 1695 378 cum

73 419 202 461 ualde
224 419 431 473 probaret
453 430 656 457 summus
679 414 896 469 pontifeX,
922 413 1162 467 diplomata
1192 412 1288 454 eius
1312 412 1371 454 rei
1397 426 1530 454 causa
1554 413 1695 454 confi-

72 495 110 537 ci
133 494 275 536 iussit.
304 495 423 534 Idem
448 491 756 534 sanctissimus
774 489 980 531 dominus
1003 504 1058 531 ex
1082 489 1239 531 litteris
1259 488 1471 530 nobilium
1499 489 1694 529 uirorum

71 572 125 613 ad
149 571 384 625 quemdam
409 568 678 610 cardinalem
705 567 845 608 multa
870 567 1094 621 praeclare
1120 566 1235 607 facta
1262 566 1407 606 Patris
1432 565 1599 607 Canisii
1624 579 1694 606 co-

71 646 246 703 gnouit,
273 659 574 700 magnamque
597 643 809 685 laetitiam
834 657 885 685 ac
909 644 1187 697 uoluptatem
1218 643 1337 697 cepit
1367 657 1420 685 ex
1457 649 1520 682 tot
1544 644 1697 682 haere-

73 724 261 765 ticorum
282 721 594 771 conuersione,
617 734 731 774 quos
751 733 892 774 nuper
912 721 1151 774 Augustae
1176 720 1211 760 is
1239 721 1369 761 Pater
1393 705 1447 760 ad
1472 719 1605 761 fidem
1625 732 1695 760 ca-

72 799 278 842 tholicam
307 798 552 840 reuocauit.
581 798 882 851 Quapropter,
910 796 1044 838 misso
1068 796 1311 851 diplomate
1338 796 1386 846 ¹¹,
1410 796 1531 836 illum
1553 794 1694 849 ponti-

71 878 142 920 fex
166 876 208 917 in
234 883 443 929 suscepta
468 874 697 928 religionis
716 887 851 914 causa
874 873 1111 914 confirmat
1135 880 1177 915 et
1202 873 1255 913 ad
1281 871 1574 913 ministerium
1600 886 1694 914 uer-

70 953 114 995 bi
139 955 412 994 cohortatur.
437 952 573 1006 Quod
597 965 652 992 ne
676 952 788 992 forte
812 950 908 993 eius
931 950 1129 991 discessu
1156 949 1492 998 intermittatur,
1514 949 1694 1001 quidam

71 1029 311 1084 augustani
334 1028 457 1070 ciues
479 1042 556 1082 per
580 1027 750 1070 litteras
774 1027 829 1068 ab
854 1026 948 1081 ipso
970 1026 1181 1080 pontifice
1201 1033 1375 1079 petunt,
1404 1040 1458 1066 ne
1484 1026 1616 1067 Pater
1640 1025 1694 1066 ad

71 1105 310 1148 concilium
336 1105 398 1147 ire
422 1104 645 1155 iubeatur3
672 1103 782 1145 illud
805 1103 1123 1144 confirmantes
1144 1116 1231 1143 non
1258 1102 1392 1143 fuisse
1416 1108 1596 1143 centum
1621 1116 1695 1143 an-

70 1181 139 1223 nis
158 1188 441 1236 augustanae
465 1180 638 1222 ciuitati
662 1187 835 1221 tantum
861 1178 1103 1233 spiritualis
1133 1179 1355 1219 commodi
1386 1192 1436 1219 ac
1466 1178 1568 1219 boni
1594 1178 1695 1219 alla-

78 1266 189 1309 tum,
217 1264 434 1311 quantum
460 1256 605 1299 Patris
628 1256 796 1298 Canisii
820 1255 1063 1298 conciones
1087 1255 1350 1297 attulerunt.

163 1347 228 1387 14.
295 1335 386 1377 Sed
411 1343 458 1375 ut
490 1335 544 1375 ad
565 1347 634 1375 res
658 1347 864 1374 romanas
886 1333 1083 1383 redeam,
1116 1340 1368 1373 nostrorum
1399 1331 1692 1374 confessario>

73 1426 166 1453 rum
193 1425 329 1466 opera
362 1410 562 1465 virgines
593 1409 761 1463 aliquot
794 1409 978 1452 Christo
1008 1423 1055 1450 se
1087 1416 1426 1459 consecrarunt,
1459 1417 1501 1449 et
1533 1408 1575 1450 in
1606 1421 1695 1448 mo-

6 1511 8 1513 >
71 1487 253 1530 nialium
288 1487 478 1542 collegia
512 1493 747 1540 cooptatae
784 1492 903 1528 sunt.
933 1485 1144 1528 Meretrix
1167 1485 1299 1526 etiam
1324 1485 1557 1538 quaedam,
1583 1498 1697 1538 quae

71 1563 187 1606 inter
210 1564 518 1605 confitendum
544 1562 688 1605 ridere
710 1562 859 1617 potius
878 1577 1009 1616 quam
1034 1562 1197 1604 deflere
1220 1576 1300 1603 sua
1324 1562 1491 1604 scelera
1516 1561 1696 1603 uideba-

74 1648 160 1692 tur,
189 1641 241 1682 ad
267 1648 516 1682 extremum
545 1638 588 1680 ui
610 1638 876 1680 sacramenti
900 1645 943 1680 et
967 1637 1229 1680 confessarii
1247 1638 1449 1680 oratione
1474 1638 1694 1691 perculsa,

71 1716 132 1759 sic
161 1716 398 1771 ingemuit,
422 1724 469 1757 ut
488 1716 543 1758 de
561 1715 727 1758 nuncio
746 1717 880 1757 rebus
903 1714 1111 1757 humanis
1136 1715 1403 1758 remittendo
1427 1715 1571 1769 deque
1591 1728 1688 1755 con-

73 1807 303 1836 uersarum
334 1792 593 1834 monialium
623 1791 842 1834 coenobio
873 1791 1068 1846 coeperit
1097 1787 1312 1846 cogitare;
1354 1792 1473 1846 quod
1504 1798 1551 1832 ut
1580 1805 1695 1832 con-

71 1876 283 1924 sequatur
315 1877 484 1923 quanta
515 1868 707 1910 maxima
731 1876 875 1923 potest
906 1883 990 1923 ope
1018 1868 1257 1922 studioque
1286 1867 1530 1919 contendit,
1556 1881 1698 1922 agens

72 1945 189 2000 apud
212 1945 426 2000 optimam
452 1952 717 1995 matronam,
745 1952 789 1988 et
821 1945 1043 1998 frequenti
1077 1952 1456 1987 sacramentorum
1490 1944 1590 1986 usui
1622 1958 1696 1985 ua·

71 2035 193 2064 cans.
222 2022 352 2064 Alius
376 2022 418 2063 in
439 2021 663 2063 haeretica
687 2021 907 2076 prauitate
929 2022 1147 2076 pertinax,
1169 2036 1271 2063 cum
1297 2021 1557 2076 imprudens
1579 2028 1697 2063 esset

72 2099 126 2140 ad
149 2098 480 2141 confessionem
513 2098 749 2150 adductus,
778 2098 851 2139 uix
882 2098 1060 2141 tandem
1093 2097 1332 2139 conuictus
1355 2098 1502 2150 cessit,
1528 2106 1570 2140 et
1594 2099 1696 2141 liae-

72 2173 204 2216 resim
228 2174 468 2216 abiurauit.
512 2174 705 2216 quenes
729 2175 818 2216 duo
849 2189 907 2217 ex
937 2174 1086 2217 Sicilia
1117 2176 1302 2216 Romam
1334 2176 1419 2215 hac
1444 2181 1617 2215 tantum
1641 2174 1697 2215 de

71 2263 221 2301 causa,
250 2258 297 2292 ut
320 2250 403 2305 ipsi
434 2250 660 2304 dicebant,
685 2258 924 2302 uenerunt,
948 2258 996 2293 ut
1020 2251 1183 2293 nostris
1207 2251 1548 2301 confiterentur;
1576 2250 1697 2303 quod

73 2340 176 2368 cum
218 2326 528 2382 perfecissent,
563 2328 619 2370 ad
655 2326 916 2382 religionem
946 2316 1143 2369 animum
1177 2327 1493 2378 adiunxerunt3
1531 2326 1574 2367 in
1609 2340 1697 2380 qua

72 2403 292 2446 sententia
326 2412 461 2457 atque
484 2404 711 2458 proposito
735 2419 760 2446 a
783 2403 1056 2446 confessario
1082 2403 1272 2446 maxime
1302 2403 1549 2444 confirmati
1573 2409 1694 2453 sunt,

72 2492 251 2534 quoque
273 2480 406 2521 modo
429 2479 473 2521 id
496 2480 650 2535 perfici
672 2487 899 2536 oporteret
922 2480 1084 2523 edocti.

167 2566 231 2609 15.
298 2556 347 2597 In
377 2556 448 2598 die
476 2556 790 2600 immaculatae
822 2556 1134 2611 conceptionis
1166 2557 1323 2599 beatae
1357 2555 1573 2610 Virginis,
1601 2555 1697 2597 illu-

73 2631 316 2674 strissimus
346 2646 397 2674 ac
433 2633 837 2675 reuerendissirnus
870 2633 1108 2675 cardinalis
1141 2640 1423 2688 augustanus
1451 2633 1695 2674 hebraeum

74 2708 294 2761 quendam
318 2722 603 2764 germanum,
630 2709 775 2752 bonae
798 2709 960 2751 indolis
988 2710 1334 2760 adolescentem,
1361 2709 1479 2763 apud
1503 2723 1584 2750 nos
1607 2722 1696 2750 ma-

73 2796 162 2837 gna
179 2785 330 2839 populi
349 2785 617 2839 frequentia,
640 2794 737 2840 post
755 2785 993 2829 lectionem
1012 2785 1263 2828 dauidicam
1285 2788 1333 2827 R.
1359 2787 1407 2828 P.
1430 2785 1599 2838 vicarii,
1623 2786 1698 2828 ba-

75 2858 271 2912 ptizauit.

125 2964 153 2983 ¹¹
203 2964 331 3000 Edidit
351 2967 710 3012 BRAUNSBERGER,
731 2968 803 3002 loc.
820 2967 900 3011 cit.‚
917 2967 1040 3011 64—653
1062 2967 1134 3002 nisi
1150 2967 1249 3002 forte
1264 2968 1390 3012 agitur
1408 2968 1455 3002 de
1474 2968 1601 3014 aliqua
1620 2968 1699 3013 epi-

73 3024 170 3057 stola
190 3024 414 3069 posteriore,
435 3036 550 3070 quam
570 3036 645 3060 non
665 3026 846 3062 vidimus.
