1971 3276
288 202 309 236 3
324 203 370 237 08
801 202 987 237 POLANcr
1015 210 1332 236 COMPLEMENTA

232 303 353 346 dezir
376 318 424 345 es
447 317 533 357 que
559 310 687 346 entre
711 303 776 345 las
802 316 978 345 nueuas
1007 309 1081 344 tan
1107 302 1366 345 miserables
1389 303 1459 344 del
1491 316 1631 356 reyno
1655 302 1710 344 de
1733 303 1876 344 Fran-

234 381 317 435 cia,
347 393 370 423 2
405 394 536 422 cosas
571 394 659 422 nos
698 382 787 422 han
813 380 928 422 dado
958 380 1127 435 alguna
1156 379 1433 421 consolation
1463 394 1490 434 y
1519 380 1879 434 speranzasUna

235 473 284 500 es
325 473 412 513 que
449 457 743 500 entendemos
778 471 865 511 que
902 457 942 499 la
977 471 1115 511 reyna
1146 457 1204 497 ha
1227 458 1385 498 scritto
1408 457 1463 498 de
1486 470 1539 497 su
1562 470 1697 498 mano
1721 456 1761 498 al
1785 470 1877 497 car-

236 535 371 577 denal
404 536 462 577 de
501 535 675 576 Lorena
711 533 781 588 (de
815 532 949 587 quien
985 541 1082 576 esto
1115 547 1163 575 se
1196 534 1251 573 ha
1285 532 1543 587 entendido)
1579 546 1666 586 que
1699 546 1879 586 aurique

236 612 342 653 sabe
366 625 453 665 0110
471 617 591 653 estas
614 609 961 665 capitulationes
985 624 1041 651 an
1062 610 1117 650 de
1142 609 1415 664 desagradar
1440 623 1463 650 a
1484 609 1629 659 todos,
1652 609 1716 650 les
1741 622 1880 663 ruega

236 702 322 742 que
347 702 426 742 por
457 699 480 728 2
511 701 657 729 meses
680 693 848 740 tengan
880 685 1132 741 paciencia,
1162 699 1249 739 que
1279 685 1558 728 entenderan
1590 698 1677 739 que
1708 686 1747 726 la
1776 698 1881 727 cosa

237 779 295 806 no
317 768 412 805 esta
436 763 544 820 ta[n]
570 764 656 804 mal
681 763 847 818 parada
873 777 1002 804 como
1028 776 1075 804 se
1100 762 1271 817 piensa,
1298 777 1325 817 y
1349 776 1374 804 a
1397 769 1492 805 este
1523 769 1650 805 tenor
1673 769 1689 786 ³
1712 775 1759 803 se
1781 761 1880 804 dize

239 855 325 896 que
351 842 407 882 ha
433 841 570 882 scrito
597 841 637 881 al
664 854 741 895 rey
764 840 975 890 catolico,
1003 854 1054 881 511
1074 839 1246 882 hierno.
1275 840 1345 881 No
1363 842 1411 881 50
1434 839 1535 881 sies
1560 839 1743 890 uerdad3
1776 852 1881 893 pero

237 918 272 959 si
298 933 355 959 no
393 931 440 959 es
490 918 637 964 hecho
667 931 751 959 con
785 917 923 971 algi'm
954 916 1111 959 diseno
1142 917 1201 957 tal
1229 917 1440 966 acuerd0‚
1473 930 1531 957 no
1561 930 1720 970 pareze
1749 915 1881 970 podia

244 995 434 1037 hazerse
458 1008 563 1036 cosa
595 998 690 1036 11135
714 1001 830 1035 rotta
861 993 906 1034 ni
935 993 1307 1048 desuergonzada
1332 991 1362 1035 ².
1390 993 1456 1035 Lo
1480 1000 1577 1034 otro
1606 1007 1671 1043 es,
1696 1006 1784 1046 que
1808 993 1879 1033 he-

243 1085 338 1113 mos
364 1071 481 1113 uisto
513 1072 553 1113 la
583 1079 689 1113 nota
719 1071 774 1113 de
802 1072 868 1113 los
892 1070 1230 1125 gouernadores
1260 1084 1347 1124 que
1376 1084 1423 1111 se
1455 1071 1540 1111 han
1566 1076 1725 1124 puesto
1756 1083 1812 1111 en
1842 1069 1882 1109 el

240 1163 394 1202 reyno,
423 1163 450 1202 y
476 1163 523 1191 es
544 1147 685 1190 cierto
709 1162 795 1202 que
819 1147 944 1202 quasi
972 1148 1099 1188 todos
1123 1161 1206 1188 son
1232 1146 1493 1197 catholicos,
1521 1161 1548 1200 y
1571 1149 1657 1187 assi
1678 1145 1740 1188 las
1765 1146 1881 1186 fuer-

312 1294 328 1310 a
379 1289 490 1317 tener
512 1295 581 1317 ms.

241 1408 317 1442 lum
339 1407 376 1442 in
395 1407 479 1442 cod.
505 1407 630 1451 Epist.
653 1407 841 1447 Salnzer.‚
865 1415 885 1440 2
904 1405 969 1450 ff.,
991 1418 1026 1441 n.
1048 1415 1109 1450 91,
1132 1405 1236 1451 prius
1254 1405 1311 1449 65.
1335 1403 1489 1441 Omissa
1509 1409 1568 1439 est
1587 1404 1625 1438 in
1641 1409 1786 1448 regest.
1805 1403 1881 1438 diei

244 1467 405 1510 notatio,
427 1466 495 1501 sed
516 1466 670 1500 videtur
690 1465 779 1500 data
803 1465 865 1500 die
893 1466 937 1499 28
955 1471 1022 1499 aut
1042 1474 1085 1508 29
1114 1464 1270 1509 Aprilis,
1299 1475 1386 1498 cum
1406 1463 1593 1509 epistolae
1620 1474 1719 1509 quae
1747 1463 1881 1497 subse-

241 1532 425 1571 quuntur,
446 1525 559 1559 datae
579 1525 656 1559 sint
674 1524 737 1558 die
757 1533 813 1568 29.
833 1524 1063 1569 Exemplum
1080 1524 1251 1558 italicum
1271 1523 1389 1556 habet
1414 1522 1452 1556 in
1471 1521 1561 1559 fine:
1583 1521 1654 1555 «Di
1674 1521 1820 1556 Trento
1841 1530 1884 1565 29

243 1584 280 1618 di
302 1584 410 1629 April
436 1583 564 1627 1563.»

312 1643 325 1662 ‘³
376 1634 632 1677 Conditiones
659 1642 889 1688 praecipuae
917 1641 1021 1687 pacis
1050 1640 1167 1675 initae
1197 1649 1237 1674 12
1263 1639 1390 1674 Martii
1409 1639 1522 1685 hujus
1541 1638 1631 1673 anni
1656 1638 1756 1673 inter
1783 1638 1884 1683 regi-

242 1714 329 1736 nam
351 1702 503 1737 Galliae
535 1707 574 1736 et
594 1702 804 1747 principem
826 1700 1027 1735 Condeum
1049 1699 1236 1743 (edictum
1257 1698 1536 1744 pacificationis
1567 1698 1602 1732 d'
1623 1697 1810 1732 Amboise
1831 1697 1885 1731 di-

244 1764 363 1803 ctum)
380 1761 427 1795 ad
446 1772 561 1807 quam
582 1761 771 1795 Polancus
791 1760 940 1804 alludit,
962 1761 1034 1794 hae
1056 1759 1226 1794 fuerunt:
1248 1763 1325 1802 «ut,
1347 1758 1512 1799 scilicet,
1532 1757 1728 1792 nobilibus
1749 1757 1786 1791 in
1805 1757 1886 1791 suis

238 1820 576 1865 jurisdictionibus
599 1831 744 1854 merum
765 1820 969 1862 imperium
991 1818 1240 1861 habentibus,
1261 1818 1382 1852 libera
1401 1828 1445 1851 ac
1466 1817 1619 1862 publica
1639 1816 1808 1862 ipsorum
1829 1827 1886 1850 re-

243 1879 396 1924 ligionis
417 1879 606 1924 professio
626 1879 814 1924 permissa
830 1884 950 1921 esset,
968 1878 1112 1912 ceteris
1130 1887 1221 1911 vero
1237 1876 1432 1910 nobilibus
1449 1876 1634 1910 minorem
1649 1875 1886 1921 jurisdictio-

242 1950 330 1972 nem
349 1938 597 1981 habentibus,
621 1938 659 1972 in
679 1937 760 1972 suis
780 1943 930 1971 tantum
951 1936 1149 1978 domibus,
1166 1940 1204 1970 et
1224 1947 1291 1981 pro
1310 1934 1543 1969 familiarum
1563 1945 1716 1969 suarum
1738 1945 1822 1978 usu,
1847 1934 1885 1968 in

243 1996 406 2041 singulis
426 1996 678 2042 praefecturis
698 1997 879 2041 (excepta
906 2001 1035 2029 tamen
1065 1994 1284 2040 parisiensi)
1313 2005 1431 2028 unum
1457 1992 1655 2039 oppidum,
1687 1999 1752 2027 aut
1779 1993 1885 2027 locus

242 2057 489 2092 suburbanus
508 2067 730 2100 concessus,
753 2056 790 2090 in
812 2065 902 2100 quo,
924 2062 963 2090 et
984 2066 1059 2089 non
1078 2054 1183 2096 alibi,
1205 2054 1433 2098 religionem
1459 2065 1567 2088 suam
1595 2053 1749 2098 publice
1777 2064 1886 2087 exer-

242 2128 330 2151 cere
351 2122 524 2161 possent,
546 2126 589 2149 ac
609 2121 809 2161 praeterea
829 2114 866 2148 in
886 2113 1051 2159 singulis
1072 2113 1247 2156 urbibus,
1269 2113 1306 2147 in
1325 2113 1465 2158 quibus
1487 2123 1608 2158 usque
1633 2112 1680 2146 ad
1704 2111 1807 2146 diem
1828 2123 1886 2146 se-

245 2176 407 2222 ptimum
428 2175 571 2209 mensis
591 2174 716 2208 Martii
737 2175 827 2220 (quo
851 2173 1035 2208 videlicet
1054 2173 1115 2217 agi
1138 2178 1319 2217 coeptum
1339 2177 1420 2205 erat
1445 2170 1493 2205 de
1519 2171 1624 2216 pacis
1648 2170 1885 2205 condicioni-

246 2237 331 2277 bus)
361 2234 483 2269 libere
514 2233 713 2278 religionis
744 2244 860 2268 causa
891 2232 1160 2276 convenirent,
1183 2236 1390 2277 pergerent
1409 2230 1447 2265 in
1468 2232 1545 2265 uno
1571 2235 1636 2265 aut
1661 2229 1812 2264 duobus
1834 2231 1885 2263 lo-

245 2294 300 2328 cis
322 2294 378 2328 eis
406 2293 663 2338 assignandis3
686 2292 862 2338 exceptis
890 2297 1020 2326 tamen
1049 2291 1168 2325 sacris
1193 2289 1471 2324 catholicorum
1498 2289 1676 2334 aedibus,
1701 2300 1800 2335 quae
1830 2290 1886 2323 eis

245 2353 410 2397 restitui,
433 2359 471 2387 et
491 2352 635 2387 liberae
654 2362 855 2386 remanere
874 2350 1080 2393 deberent;
1103 2349 1398 2395 praeteritorum
1423 2350 1595 2383 omnium
1623 2350 1737 2382 venia
1763 2347 1887 2382 indul·

247 2417 296 2455 ta,
320 2417 358 2445 et
378 2411 523 2456 quique
543 2410 580 2445 in
601 2412 680 2445 suis
708 2409 834 2459 bonis,
861 2408 1088 2452 honoribus,
1114 2407 1315 2452 gradibus,
1340 2406 1494 2450 officiis,
1523 2406 1637 2450 fama,
1664 2407 1887 2441 conservati

248 2475 312 2505 aut
340 2469 387 2504 ad
415 2470 479 2504 illa
506 2470 690 2515 restituti;
720 2469 899 2515 princeps
925 2467 1109 2503 Condeus
1136 2477 1202 2512 pro
1229 2467 1329 2501 bono
1349 2477 1392 2500 30
1415 2465 1492 2500 fido
1517 2465 1621 2510 regis
1641 2471 1820 2509 cognato,
1843 2475 1886 2498 ac

247 2529 357 2574 regni
376 2529 572 2564 studiosus
591 2528 822 2571 declaratus,
843 2533 883 2561 et
897 2527 1132 2573 quicumque
1151 2525 1228 2569 alii,
1251 2531 1289 2560 et
1314 2524 1549 2570 ubicumque
1578 2523 1777 2568 religionis
1797 2534 1884 2558 cau·
1945 2534 1949 2538 ’

248 2600 288 2623 53
307 2588 391 2633 ejus
411 2589 584 2633 partibus
603 2587 884 2630 adhaesissent,
906 2597 949 2620 30
968 2596 1237 2632 quaecumque
1257 2590 1334 2618 tam
1354 2584 1392 2617 in
1408 2584 1524 2625 bello,
1544 2594 1658 2629 quam
1674 2583 1712 2617 in
1727 2582 1885 2627 judiciis

248 2647 436 2691 egissent,
459 2658 503 2681 ea
523 2647 625 2683 hono
643 2646 770 2680 animo
795 2651 913 2691 atque
937 2644 1098 2679 consilio
1117 2643 1165 2678 ad
1192 2643 1294 2687 regis
1314 2642 1545 2688 obsequium
1566 2641 1705 2676 fecisse
1732 2643 1884 2683 asserti3

248 2705 350 2740 idem
369 2705 553 2740 Condeus
574 2705 735 2750 ejusque
755 2715 942 2750 sequaces
963 2704 1155 2737 immunes
1174 2702 1330 2735 omnino
1350 2700 1490 2735 redditi
1510 2701 1558 2734 ab
1575 2700 1678 2734 omni
1698 2700 1886 2746 pecuniae

249 2765 380 2808 regiae
401 2765 576 2798 sublatae
596 2763 792 2798 reddenda
812 2763 974 2806 ratione,
1003 2763 1052 2795 ab
1071 2761 1175 2795 omni
1202 2767 1379 2794 monetae
1406 2758 1680 2805 percussioniS,
1710 2759 1885 2793 bombar-

247 2823 381 2856 darum
401 2822 577 2866 fusionis,
601 2824 787 2857 bonorum
809 2828 884 2856 tam
902 2819 1270 2862 ecclesiasticorum,
1287 2830 1402 2864 quam
1418 2818 1601 2852 laicorum
1615 2828 1884 2863 quorumcum-

249 2892 324 2926 que
353 2879 436 2924 ejus
464 2880 643 2914 mandato
671 2886 709 2914 et
732 2880 844 2925 jussu
871 2885 1072 2925 captorum
1099 2877 1346 2923 expilationis
1374 2877 1661 2922 inquisitione».
1686 2877 1741 2910 Ex
1768 2887 1883 2922 opere

249 2939 516 2975 Annalium...
534 2940 707 2973 Baronii
721 2939 1016 2974 continuatio...
1031 2941 1104 2983 per
1120 2937 1350 2972 HENRICUM
1368 2938 1648 2980 SPONDANUM,
1671 2946 1758 2970 ann.
1781 2934 1885 2979 1563,

251 3010 288 3032 11.
309 2997 434 3032 XVH.
