1971 3276
589 259 726 294 EPIST.
750 266 928 302 104.—14
950 258 1062 304 JUL11
1085 257 1170 301 1564
1577 261 1645 304 467

65 367 141 401 aut
159 358 471 401 conuictorum
490 372 644 401 curam
663 365 845 414 gerunt,
866 365 944 400 aut
962 372 1070 400 suae
1088 358 1385 409 constantiae,
1407 359 1529 412 quod
1548 360 1591 401 in
1612 361 1693 403 So-

64 436 268 478 cietatem
299 434 476 490 ingredi
508 435 707 490 cupiant,
743 435 988 490 periculum
1020 434 1200 477 faciant.
1234 435 1411 477 Horum
1437 435 1620 478 nomina
1650 444 1694 479 et

64 512 208 554 officia
231 513 316 553 hoc
340 511 487 555 indice
510 526 643 566 quem
665 511 720 553 ad
745 519 787 554 te
810 525 912 553 cum
936 511 1034 553 istis
1065 511 1298 562 mittimus,
1325 512 1630 554 continentur.

153 600 194 631 2.
262 589 402 630 Porro
426 588 500 642 qui
524 589 609 629 hoc
631 587 834 630 semestri
859 594 1058 642 tempore
1083 587 1190 629 hinc
1214 588 1258 629 in
1284 588 1451 630 Indiam
1474 596 1520 631 et
1542 588 1691 632 diuer-

64 680 112 708 sa
149 665 339 716 Galliae,
375 664 627 715 Flandriae,
663 664 936 708 Germaniae
969 673 1012 708 et
1048 664 1198 707 Italiae
1231 665 1343 717 loca,
1382 665 1452 707 uel
1485 666 1697 708 studendi

63 741 356 795 mutandique
387 740 517 792 coeli,
556 742 626 783 uel
660 741 873 796 paucitati
909 748 1162 783 nostrorum
1196 741 1501 795 operariorum
1531 743 1693 785 subue-

65 817 215 859 niendi
239 831 374 859 causa
396 817 585 873 profecti
611 824 733 869 sunt,
765 817 801 860 si
823 832 979 860 omnes
1002 817 1133 859 simul
1162 818 1512 873 coniungantur,
1539 832 1692 861 nume-

64 909 160 936 rum
185 894 361 936 circiter
386 904 439 947 50
461 895 721 949 explebunt.
755 895 934 949 Quibus
963 895 1105 936 multo
1135 895 1301 949 plures,
1334 894 1493 949 partim
1524 895 1693 937 Medio-

64 973 214 1013 lanum
239 978 283 1014 et
308 972 532 1021 Parmam,
558 971 733 1014 Galliae
759 970 1012 1026 cesalpinae
1035 972 1183 1022 urbes;
1210 972 1452 1013 nonnullos
1475 972 1692 1026 Auegno-

65 1062 181 1098 nem,
209 1048 329 1102 quod
352 1054 420 1090 est
443 1046 627 1102 opidum
652 1047 696 1088 in
721 1047 995 1101 transalpina
1017 1047 1180 1099 Gallia,
1207 1047 1249 1088 in
1276 1062 1365 1101 quo
1388 1047 1489 1089 licet
1513 1047 1691 1102 quidam

62 1139 117 1166 ex
140 1124 305 1166 nostris
329 1131 573 1177 morentur,
601 1124 748 1166 nullas
773 1132 919 1165 tamen
943 1125 1090 1165 adhuc
1115 1125 1291 1166 scholas
1314 1124 1498 1175 habent;
1520 1124 1695 1179 aliquos

63 1200 196 1243 etiarn
219 1200 430 1251 Calarim,
458 1200 691 1244 Sardiniae
715 1201 886 1252 vrbem3
918 1208 962 1243 et
986 1200 1214 1254 Aquilam,
1247 1214 1379 1254 quam
1410 1201 1545 1243 Bruci
1573 1201 1692 1244 inco-

63 1279 175 1331 lunt,
212 1284 256 1320 et
288 1277 521 1320 Catacium
558 1276 590 1328 ²,
628 1277 847 1328 Miletum,
887 1277 1095 1332 Regium,
1128 1277 1360 1319 Calabriae
1390 1277 1611 1333 ciuitates,
1639 1279 1694 1320 ad

65 1353 280 1408 promissa
302 1353 494 1409 collegia
518 1353 807 1404 instituenda,
835 1368 989 1396 mense
1019 1353 1271 1408 Septembri
1301 1355 1581 1408 profecturos
1604 1355 1693 1397 exi-

64 1430 212 1473 stimo.
239 1431 286 1472 Id
310 1445 419 1472 uero
445 1430 551 1472 facit
577 1438 624 1471 ut
649 1432 817 1473 Rornae
847 1439 1079 1485 propterea
1108 1444 1283 1484 semper
1312 1430 1531 1473 eiusmodi
1556 1432 1694 1473 homi-

64 1521 170 1548 num
194 1506 481 1549 seminarium
506 1507 674 1550 habere
703 1514 925 1561 oporteat;
960 1506 1035 1560 qui
1064 1521 1165 1548 curn
1196 1521 1308 1561 opus
1342 1507 1474 1550 fuerit
1506 1508 1694 1563 collegia

66 1583 299 1635 moderari,
329 1583 635 1625 confessiones
669 1583 838 1633 audire,
871 1583 1147 1634 concionari,
1179 1583 1467 1636 theologiam,
1500 1585 1693 1639 philoso-

66 1660 212 1714 phiam
236 1667 281 1702 et
304 1659 540 1701 oratoriam
571 1666 862 1713 caeterasque
894 1659 938 1701 id
970 1673 1115 1713 genus
1147 1667 1264 1702 artes
1295 1660 1507 1714 profiteri,
1544 1675 1595 1703 ac
1625 1676 1694 1704 res
1749 1686 1752 1689 -

66 1735 303 1778 familiares
326 1744 369 1778 et
392 1735 660 1779 domesticas
680 1750 837 1777 curare
861 1736 1046 1790 possint.
1070 1737 1140 1778 Ne
1162 1745 1311 1791 autern
1331 1737 1516 1791 grauius
1539 1751 1692 1780 eorum

66 1813 286 1854 ferremus
309 1812 574 1863 absentiam,
601 1826 714 1866 quos
738 1813 871 1867 paulo
896 1821 997 1854 ante
1022 1814 1161 1855 Roma
1184 1813 1346 1855 abiisse
1368 1813 1473 1865 dixi,
1494 1814 1585 1856 fere
1609 1822 1693 1856 tot-

64 1889 179 1931 idem
213 1903 268 1930 ex
301 1888 491 1932 diuersis
531 1889 784 1930 nationibus
822 1888 865 1929 in
905 1888 1174 1932 Societatem
1214 1889 1379 1944 recepti
1413 1898 1533 1932 sunt.
1576 1892 1694 1933 Inter

65 1979 193 2019 quos,
230 1972 278 2006 ut
312 1965 492 2006 minime
526 1965 881 2008 desiderauimus
910 1966 985 2019 qui
1019 1966 1213 2008 seruitiis
1243 1966 1389 2020 potius
1417 1967 1690 2020 domesticis,

64 2056 196 2095 quam
221 2041 441 2084 literariae
467 2043 685 2096 palestrae
709 2041 799 2096 apti
825 2050 991 2092 essent,
1018 2042 1078 2084 ita
1097 2056 1180 2085 nec
1197 2042 1311 2096 juris
1335 2043 1462 2097 periti
1486 2052 1529 2086 et
1555 2044 1692 2098 philo-

63 2118 245 2173 sophiae
268 2132 319 2160 ac
344 2118 614 2173 theologiae,
641 2118 962 2172 literarumque
985 2119 1318 2169 humaniorum,
1345 2128 1387 2161 et
1411 2120 1693 2173 eloquentiae

63 2194 251 2236 studiosi
274 2195 462 2237 iuuenes
484 2195 682 2238 defuere.

154 2283 194 2324 3.
262 2270 352 2313 Sed
382 2284 519 2324 quum
551 2270 658 2311 nihil
694 2270 737 2311 in
773 2270 1023 2326 praesentia
1057 2272 1111 2314 de
1144 2271 1196 2313 iis
1229 2272 1390 2315 attinet
1422 2272 1582 2324 dicere,
1618 2273 1692 2326 qui

65 2347 262 2388 nondum
294 2347 475 2388 admissi
504 2354 625 2396 sunt,
651 2347 771 2400 quod
800 2347 1130 2389 multitudinem
1162 2355 1329 2389 tantam
1352 2349 1513 2389 domus
1535 2356 1685 2390 nostra

65 2436 153 2464 non
176 2423 338 2478 capiat,
369 2431 412 2465 et
435 2438 512 2465 eos
535 2424 686 2464 adhuc
712 2423 844 2466 etiam
868 2424 1134 2466 maturiores
1162 2424 1256 2465 fieri
1286 2432 1504 2478 oporteat;
1538 2426 1592 2466 ad
1615 2439 1692 2468 eos

66 2499 264 2553 quinque
289 2500 447 2543 fratres
472 2499 622 2552 uenio,
642 2514 754 2554 quos
776 2499 820 2540 in
845 2501 1036 2542 coeleste
1059 2499 1297 2554 collegium
1318 2500 1469 2542 diuina
1493 2501 1692 2543 bonitate

66 2576 149 2617 hoc
173 2575 268 2630 ipso
293 2584 491 2630 tempore
527 2577 763 2618 translatos
797 2585 1022 2630 putamus.
1057 2577 1234 2617 Horum
1268 2577 1464 2617 omnium
1491 2578 1693 2632 pri[m]us

68 2652 149 2693 fuit
168 2653 322 2708 Jonas,
351 2653 511 2707 gallus,
537 2652 673 2694 mirae
698 2653 929 2694 cuiusdam
956 2652 1168 2693 honitatis
1191 2661 1236 2693 et
1265 2653 1511 2707 pacientiae
1540 2655 1686 2696 adolet

66 2741 211 2781 scens,
237 2729 312 2782 qui
337 2729 408 2771 die
432 2730 564 2770 beato
581 2731 722 2785 Jonae
747 2730 946 2783 profetae
971 2743 1096 2770 sacro
1119 2729 1161 2770 in
1183 2730 1313 2771 talem
1334 2730 1687 2784 aegrotationem

66 2804 234 2854 incidit,
264 2813 309 2848 ut
334 2806 492 2848 eodem
520 2820 702 2859 prorsus
726 2805 831 2846 anni
863 2805 1092 2858 sequentis
1124 2805 1194 2847 die
1225 2806 1440 2848 foeliciter
1472 2808 1691 2849 seruatori

67 2896 148 2923 suo
171 2882 362 2923 animam
389 2881 645 2924 restituerit.
676 2882 811 2922 Hunc
840 2890 1061 2934 sequutus
1091 2883 1216 2923 Mter.
1250 2883 1480 2934 Albertus,
1517 2897 1690 2937 germa-

138 3045 150 3064 2
201 3045 243 3079 Id
261 3051 332 3089 est,
353 3045 576 3080 Catanzaro.
599 3043 657 3078 Cf.
680 3043 804 3088 Epist.
830 3044 875 3078 P.
899 3024 1160 3087 sScalrrzerovzz's,
1184 3045 1210 3088 Ι,
1232 3046 1312 3088 548.
