1971 3276
770 198 1020 226 PROOEMlUM
1607 194 1677 219 XlX

96 296 240 341 Lainii
261 296 444 338 citatam
468 292 702 349 epistolam
727 291 1022 347 respondens,
1050 294 1151 344 post
1179 287 1487 329 confirmatam
1513 300 1638 328 suam
1678 285 1721 326 in

96 372 332 416 calumniis
355 369 701 426 pistoriensibus
720 366 1045 417 innocentiam,
1066 366 1179 408 haec
1197 364 1252 406 de
1270 379 1319 407 se
1336 363 1565 405 humiliter
1584 361 1720 403 addit:

176 503 238 530 «...
259 491 429 540 Auenga
451 489 524 527 che
545 500 615 539 per
635 500 686 527 un
707 487 793 526 zelo
815 498 891 525 suo
913 497 992 524 non
1027 484 1209 522 ordinato
1231 494 1307 521 con
1333 482 1371 521 la
1397 481 1635 519 discretione
1656 481 1727 518 de-

95 566 185 610 bita,
208 567 244 602 et
264 574 334 613 per
354 559 499 613 parlar’
521 560 557 599 al
579 559 708 598 ducha
729 570 851 597 senza
872 557 995 596 hauer
1021 567 1215 606 espressa
1241 555 1485 592 comissione
1513 552 1574 591 del
1611 564 1725 602 supe-

94 633 186 674 rior⁷
209 646 297 679 suo,
319 635 379 672 sia
401 634 506 671 stato
527 632 706 681 ripresso
730 629 791 668 nel
813 640 888 667 suo
905 628 1024 666 modo
1047 627 1082 665 di
1099 626 1342 676 procedere»
1364 624 1405 659 ⁶⁵.

184 746 218 798 i)
282 745 373 788 Sed
406 743 442 785 si
481 743 526 785 in
564 743 650 783 hoc
689 738 947 782 confitentis
985 737 1047 780 rei
1087 735 1392 778 testimonium
1438 733 1723 789 suscipimus,

96 822 229 866 etiam
255 835 334 877 pro
357 835 405 863 se
426 818 594 861 dicenti
616 817 853 860 credamus
870 815 1043 870 justum
1069 820 1158 865 est;
1184 820 1228 855 et
1257 827 1347 854 non
1371 811 1574 854 dicamus
1601 810 1725 852 illum

97 897 360 941 arcessitum
386 897 442 938 ab
466 893 641 950 Ignatio
666 895 869 944 Romam,
897 891 1018 946 quod
1049 904 1228 946 pessum
1260 888 1499 943 collegium
1531 886 1729 929 dedisset

96 973 400 1024 florentinum,
428 972 505 1014 sed

97 1104 165 1131 «...
190 1093 281 1142 quia
301 1093 335 1130 ei
357 1090 645 1140 consanguinei
667 1086 896 1138 permolesti
918 1088 1068 1131 erant»;

97 1216 179 1245 nec
202 1202 336 1244 fidem
361 1213 619 1243 recusemus
642 1198 738 1240 viro
761 1196 923 1240 sinceri
943 1203 986 1240 et
1005 1195 1187 1239 demissi
1204 1194 1340 1236 animi
1365 1193 1428 1235 sic
1453 1193 1665 1235 narranti:

178 1320 410 1371 «Principes
433 1321 508 1370 ipsi
529 1319 628 1357 bene
652 1318 813 1355 animati
835 1328 931 1366 erga
952 1313 1192 1353 Societatem
1215 1316 1339 1359 erant,
1362 1324 1409 1351 ac
1430 1313 1593 1351 ducissa
1616 1323 1728 1361 prae-

99 1394 245 1438 sertim,
270 1404 317 1430 ex
339 1403 429 1442 quo,
453 1391 559 1428 initio
580 1389 694 1439 huius
717 1389 820 1433 anni,
850 1400 873 1426 a
907 1387 1078 1436 quodam
1107 1386 1155 1424 de
1183 1383 1385 1423 Societate
1406 1383 1538 1433 aliqua
1566 1384 1602 1420 in
1631 1384 1727 1420 scri-

98 1465 174 1514 ptis
197 1465 407 1513 acceperat
429 1473 530 1512 quae
551 1461 600 1498 ad
623 1460 777 1497 animae
799 1459 924 1508 ipsius
946 1457 1257 1496 aedificationem
1286 1458 1322 1492 et
1344 1466 1550 1493 commune
1581 1455 1726 1492 bonum

97 1534 367 1584 pertinebant»
389 1535 418 1555 ⁰⁶
441 1544 448 1570 :

100 1658 238 1698 quum
264 1641 545 1698 potissimum
569 1639 716 1681 citatis
740 1638 927 1680 aliorum
959 1636 1231 1680 testimoniis
1260 1637 1372 1678 haec
1395 1643 1662 1686 consonent,
1689 1642 1732 1676 et

103 1733 241 1773 quum
265 1717 380 1759 ratio
399 1717 545 1759 adstet
566 1713 798 1769 cogitandi
816 1714 926 1755 illud
947 1714 1048 1755 «Ha
1068 1714 1178 1755 fatto
1198 1712 1388 1766 qualche
1404 1725 1579 1753 errore»
1602 1724 1742 1766 posse.

100 1795 255 1839 referri
281 1795 337 1837 ad
360 1793 480 1836 aliud
507 1791 691 1834 omnino
717 1789 960 1833 diversum.
988 1789 1226 1844 Nimirum,
1253 1788 1297 1829 in
1330 1789 1615 1830 documentis
1639 1787 1733 1841 qui-

97 1873 285 1914 busdam
318 1871 373 1914 ab
407 1869 600 1924 Ignatio,
640 1866 794 1910 Lainio
830 1866 1102 1910 Florentiam
1129 1864 1430 1921 proficiscenti
1469 1864 1658 1918 traditis,
1689 1871 1733 1906 et

101 1948 284 1992 Polanci
308 1947 405 1990 sine
430 1945 570 1988 dubio
593 1944 910 1986 informatione
932 1942 1177 1998 compactis
1195 1941 1246 1995 ⁶⁷,
1273 1943 1383 1985 haec
1401 1942 1642 1983 habentur:

179 2079 239 2106 «...
271 2066 383 2105 Deue
411 2068 583 2105 euitarse
621 2067 920 2116 primeramente
951 2063 1045 2102 toda
1077 2063 1362 2101 demostration
1394 2061 1440 2099 de
1470 2060 1681 2098 inclinasse
1712 2072 1733 2097 a

98 2152 177 2178 vna
199 2142 308 2177 secta
331 2151 354 2176 0
379 2150 403 2176 a
424 2141 523 2183 otra,
550 2150 668 2176 como
691 2138 738 2175 de
759 2135 842 2186 fray
864 2135 1094 2173 Hieronimo
1116 2135 1394 2179 [Savonarola]
1414 2145 1437 2171 o
1459 2131 1497 2170 la
1517 2133 1733 2170 contaria...

182 2220 242 2247 «...
269 2207 429 2247 Debese
446 2209 615 2246 tambien
634 2218 802 2246 escusar
818 2206 854 2243 la
871 2204 1012 2243 mucha
1027 2203 1284 2243 familiaridad
1303 2215 1377 2241 con
1393 2202 1454 2240 las
1471 2213 1669 2252 personas
1687 2202 1733 2238 de

100 2280 136 2317 la
158 2292 238 2317 vna
261 2292 285 2317 0
309 2280 345 2317 la
367 2282 454 2317 otra
475 2281 599 2329 parte,
622 2290 737 2316 como
760 2289 835 2316 son
857 2276 919 2314 los
940 2287 1015 2326 que
1036 2275 1179 2314 llaman
1200 2277 1435 2325 piagnones,
1454 2285 1478 2320 y
1495 2273 1556 2310 los
1579 2281 1733 2310 contra-

99 2352 222 2388 rios...

181 2432 242 2458 «...
273 2418 486 2458 pensando
518 2431 584 2457 ser
609 2431 683 2469 por
711 2431 837 2469 agora
870 2430 892 2456 a
923 2429 1062 2468 mayor
1084 2417 1254 2455 seruicio
1278 2416 1409 2453 diuino
1433 2426 1482 2452 no
1514 2418 1733 2452 mostrarse

153 2578 182 2597 ⁶5
232 2578 410 2614 Monam.
432 2578 581 2623 Iguat„
603 2588 681 2612 scr.
712 2576 773 2620 1.²¹‚
796 2577 827 2620 Ι,
846 2584 927 2620 717.

153 2636 182 2656 ⁴³⁶
236 2636 399 2677 Clzron„
421 2637 452 2679 1,
474 2645 542 2680 209
561 2641 600 2670 et
620 2644 698 2670 222.

152 2695 179 2714 ¹³⁷
230 2694 436 2740 Reperitur
456 2695 494 2728 in
508 2693 642 2728 codice
663 2693 847 2727 Instruct.
869 2692 899 2733 I,
916 2691 963 2726 de
979 2702 1054 2736 quo
1070 2690 1195 2735 modo,
1214 2695 1344 2725 annot.
1361 2692 1419 2734 643
1437 2694 1588 2724 constat
1602 2694 1730 2723 autem

99 2754 120 2787 3
145 2753 202 2799 ff.‚
225 2753 348 2797 30-32‚
370 2753 473 2798 prius
493 2752 615 2796 28-303
646 2752 726 2787 fere
746 2762 868 2797 usque
895 2750 942 2784 ad
969 2749 1165 2784 dimidiam
1194 2755 1341 2795 partem
1362 2755 1517 2783 exarata
1537 2753 1596 2782 est
1615 2759 1635 2782 a
1655 2748 1731 2781 Po-

101 2813 224 2856 lanco3
245 2818 284 2846 et
303 2817 389 2857 post
410 2812 563 2846 titulum
583 2810 858 2846 «information
878 2809 925 2843 de
946 2810 981 2843 10
999 2820 1074 2855 que
1094 2820 1135 2842 se
1155 2809 1201 2842 ha
1223 2808 1271 2842 de
1290 2809 1405 2842 hazer
1423 2819 1472 2841 en
1492 2807 1728 2850 Florencia»,

100 2871 174 2905 alia
193 2882 327 2905 manus
349 2870 487 2915 posuit:
511 2870 583 2904 «Al
603 2870 646 2905 P.
669 2869 838 2912 Laynez,
860 2868 897 2902 di
918 2868 964 2902 N.
988 2869 1031 2903 B.
1053 2866 1212 2901 Padre».
1231 2866 1348 2901 Caret
1367 2866 1552 2911 temporis
1572 2865 1733 2900 notatio-

101 2941 163 2974 ne,
183 2929 252 2964 sed
271 2940 318 2962 ex
337 2928 528 2974 adjunctis
544 2933 650 2974 patet
664 2927 711 2962 ad
730 2938 871 2962 annum
891 2935 994 2970 1547,
1014 2937 1186 2960 mensem
1203 2924 1479 2970 propemodum
1501 2923 1655 2968 Majum,
1674 2934 1730 2957 re-

104 2987 313 3024 ferendam.
338 2987 433 3022 Vide
453 2988 577 3022 Lm'n.
602 2987 801 3029 Monam,
823 2986 852 3029 Ι,
874 2986 935 3030 60,
956 2988 978 3029 ς’
997 2985 1079 3019 «Yo
1098 2994 1321 3030 esperO...›);
1338 2989 1376 3018 et
1393 2983 1458 3027 cf„
1477 2994 1562 3028 pag.
1580 2983 1636 3026 61,
1655 2988 1728 3016 etc.

728 3064 744 3078 ⁴
