1971 3276
287 219 356 254 310
788 222 977 258 PoLANci
1006 232 1327 259 COMPLEMENTA

236 322 396 365 cietate
425 324 626 374 sentiret,
654 324 858 378 maleque
887 325 1006 379 apud
1029 339 1184 369 omnes
1219 334 1354 381 atque
1379 329 1491 370 adeo
1524 329 1644 383 apud
1673 328 1855 370 cardina

236 399 339 450 lem,
357 399 453 454 ipso
471 400 604 442 etiam
623 408 796 443 rectore
815 409 1067 455 praesente,
1090 417 1266 458 semper
1285 404 1556 458 loqueretur,
1578 406 1756 447 tandem
1778 412 1870 447 tan-

202 467 207 476 '
235 484 280 516 to
307 476 456 518 studio
480 486 523 518 et
552 490 702 519 amore
733 477 975 521 Societatis
1012 478 1230 521 incensus
1259 487 1350 532 est,
1385 488 1434 522 ut
1458 481 1720 525 incredibile
1749 481 1872 524 dictu

236 551 457 596 uideatur.
486 553 713 607 Quocirca
737 562 780 596 et
804 553 888 595 sibi
912 554 1087 608 ignosci
1112 557 1404 600 uehementer
1434 558 1595 608 orauit,
1622 564 1666 601 et
1689 558 1873 601 rectoris

235 643 416 670 manum
446 630 737 672 deosculatus
767 638 857 682 est,
893 631 1070 686 aliaque
1094 632 1406 676 submissionis
1441 648 1492 676 ac
1531 635 1873 678 beneuolentiae

233 705 363 759 signa
386 720 476 748 non
502 707 693 748 obscura
717 706 929 750 ostendit.

325 784 550 832 Pastores,
574 783 650 836 qui
671 784 1024 837 frequentissimi
1049 785 1094 827 in
1122 786 1364 840 tyburtinis
1387 788 1617 830 montibus
1639 803 1807 845 greges
1829 798 1873 833 et

238 866 439 900 armenta
463 869 680 914 pascunt,
712 875 845 915 saepe
880 862 1021 903 nostri
1053 870 1391 915 conuenerunt3
1417 878 1585 919 eosque
1615 867 1670 907 ad
1692 867 1809 910 bene
1830 874 1876 910 et

235 935 414 990 xpiane.
443 936 690 978 uiuendum
715 937 954 989 adhortati,
983 952 1147 994 magna
1169 954 1224 982 ex
1248 947 1371 994 parte
1395 942 1450 983 ad
1475 942 1806 986 confessionem
1831 951 1875 987 et

238 1012 569 1054 Eucharistiam
592 1014 893 1056 adduxerunt.
925 1016 1064 1070 Apud
1086 1017 1268 1058 eosdem
1291 1024 1468 1060 nostros
1486 1018 1686 1072 proximo
1709 1019 1874 1063 iubileo

234 1088 360 1130 multi
391 1090 723 1144 tybur-tinorum
764 1091 958 1133 confessi
993 1099 1037 1134 et
1073 1093 1255 1135 caelesti
1282 1108 1397 1148 pane
1431 1095 1585 1137 refecti
1614 1102 1741 1139 sunt.
1779 1097 1875 1139 Ma-

233 1180 370 1221 gnam
394 1166 527 1208 etiam
562 1167 727 1209 scholis
760 1168 1063 1211 accessionem
1083 1170 1245 1212 factam
1284 1185 1382 1213 esse
1412 1171 1608 1213 declarat
1633 1172 1872 1228 discipulo-

232 1257 328 1284 rum
355 1243 612 1286 multitudo:
639 1252 743 1286 sunt
769 1245 887 1288 enim
912 1245 956 1287 in
981 1247 1124 1288 classe
1150 1247 1442 1290 humanitatis
1469 1258 1512 1290 et
1535 1249 1872 1303 grammaticae,

237 1332 309 1373 403
336 1320 379 1361 in
405 1320 713 1373 inferioribus,
747 1334 842 1374 14o;
874 1322 949 1376 qui
984 1337 1198 1366 numerus
1227 1338 1306 1378 pro
1335 1324 1452 1367 illius
1485 1325 1606 1368 vrbis
1636 1327 1870 1382 tenuitate,

233 1411 321 1438 non
346 1411 513 1451 paruus
539 1397 679 1440 uideri
709 1399 859 1442 debet.

323 1486 391 1529 39.
459 1474 560 1516 Non
586 1474 808 1517 minorem
835 1489 1020 1517 causam
1040 1475 1220 1519 diuinae
1244 1477 1491 1520 Maiestatis
1507 1479 1804 1524 celebrandae
1821 1495 1872 1524 ac

231 1550 557 1605 praedicandae
590 1552 808 1606 praebent
844 1567 912 1604 ea,
940 1567 1055 1607 quae
1079 1553 1121 1594 in
1147 1554 1348 1597 amerino
1370 1555 1561 1611 collegio
1590 1570 1668 1611 per
1690 1566 1871 1600 nostros

230 1635 335 1668 sunt
359 1635 476 1679 acta;
504 1628 578 1682 qui
604 1639 651 1670 ut
675 1643 730 1671 ex
755 1629 906 1671 multis
931 1645 1073 1684 pauca
1098 1631 1306 1682 referam,
1328 1631 1424 1674 dies
1444 1632 1580 1675 festos
1598 1642 1871 1677 consumunt

232 1703 274 1744 in
299 1704 477 1746 ciuibus
501 1706 557 1747 ad
582 1705 653 1760 pie
679 1706 1016 1761 christianeque
1040 1707 1286 1750 uiuendum
1312 1709 1616 1762 cohortandis;
1643 1724 1731 1765 quo
1754 1712 1803 1752 fit
1825 1720 1870 1754 ut

231 1794 320 1821 non
346 1781 476 1834 pauci
500 1796 524 1823 a
547 1782 805 1836 flagitiosae
829 1784 949 1825 uitae
976 1783 1149 1827 ratione
1173 1786 1402 1837 recedant,
1429 1793 1472 1828 et
1501 1794 1753 1829 nostrorum
1786 1789 1869 1832 fre-

231 1857 386 1910 quenti
416 1859 748 1901 consuetudine
774 1868 973 1911 utantur3
1001 1875 1055 1904 ex
1085 1875 1172 1915 qua
1204 1868 1377 1903 tantum
1401 1864 1693 1906 emolumenti
1716 1878 1768 1906 ac
1792 1879 1868 1907 uo-

229 1932 412 1988 luptatis
434 1933 477 1975 in
508 1935 706 1977 Domino
740 1938 958 1987 referunt,
989 1944 1035 1978 ut
1065 1938 1231 1990 dicant,
1257 1938 1471 1992 quamdiu
1495 1947 1753 1982 nostrorum
1782 1942 1866 1984 do-

228 2009 427 2052 mesticis
449 2011 733 2053 sermonibus
757 2012 931 2067 piisque
956 2013 1191 2067 colloquiis
1216 2015 1436 2066 fruantur,
1466 2016 1619 2058 tandiu
1638 2016 1721 2058 sibi
1747 2017 1867 2061 uide-

229 2085 264 2126 ri
298 2087 567 2129 caelestibus
600 2088 779 2142 gaudiis
812 2089 1074 2143 deliciisque
1097 2091 1328 2145 perfundi.
1356 2091 1493 2134 Iidem
1518 2093 1683 2135 multos
1705 2095 1761 2136 ad
1783 2109 1868 2137 nos

228 2164 482 2217 perducunt
505 2165 840 2208 confessionum
866 2167 1026 2220 gratia,
1053 2182 1107 2210 ex
1131 2167 1296 2221 quibus
1314 2183 1404 2210 non
1430 2168 1624 2224 exiguus
1646 2185 1754 2213 sane
1778 2172 1866 2213 fru-

228 2247 328 2281 ctus
358 2241 605 2296 colligitur.
646 2242 761 2284 Cum
789 2242 906 2284 enim
938 2258 1071 2286 nemo
1101 2252 1233 2287 antea
1258 2246 1348 2288 fere
1372 2260 1571 2300 unquam
1602 2246 1685 2289 nisi
1709 2248 1764 2289 ad
1788 2263 1864 2302 pa-

227 2318 334 2358 scha
369 2318 678 2369 confiteretur,
718 2333 840 2361 nunc
865 2320 1065 2374 plerique
1089 2321 1280 2376 singulis
1303 2322 1549 2374 mensibus,
1581 2323 1789 2378 permulti
1822 2333 1866 2367 et

227 2392 418 2447 singulis
448 2394 744 2436 hebdomadis
775 2395 819 2436 id
851 2395 1038 2449 faciunt,
1067 2404 1110 2439 et
1139 2397 1306 2440 iubileo
1329 2398 1531 2453 proxime
1559 2400 1862 2455 promulgato,

229 2476 380 2511 tantus
413 2469 495 2510 fuit
523 2471 837 2513 confitentium
871 2473 926 2514 ad
959 2480 1136 2515 nostros
1165 2488 1427 2525 concursus,
1458 2482 1507 2516 ut
1535 2475 1685 2518 multis
1708 2489 1863 2519 neces-

226 2559 273 2588 se
296 2554 414 2588 esset
436 2547 491 2587 ad
516 2548 699 2589 multam
726 2556 903 2591 noctem
928 2549 972 2590 in
997 2550 1163 2604 templo
1186 2557 1440 2605 expectare.
1470 2551 1638 2594 Eodem
1664 2559 1864 2607 tempore

228 2621 486 2664 scholastici
515 2638 709 2678 quoque,
743 2625 819 2678 qui
841 2625 950 2667 satis
981 2626 1237 2680 frequentes
1266 2634 1310 2669 et
1340 2627 1556 2670 foeliciter
1585 2635 1674 2670 tam
1705 2628 1863 2671 litteris

227 2712 360 2752 quam
385 2699 552 2753 pietate
577 2715 600 2742 a
625 2701 792 2743 nostris
816 2702 1130 2757 instituuntur,
1158 2703 1354 2745 confessi
1377 2712 1499 2758 sunt,
1526 2712 1570 2747 et
1599 2705 1762 2760 quibus
1786 2719 1863 2760 per

227 2783 418 2817 aetatem
444 2776 586 2827 licuit,
614 2778 670 2819 ad
694 2777 1022 2821 Eucharistiam
1045 2779 1178 2822 etiam
1202 2788 1508 2832 accesserunt,
1534 2795 1625 2823 non
1647 2781 1744 2824 sine
1767 2797 1858 2823 rna-

226 2863 317 2904 gna
351 2859 590 2905 parentum
626 2854 809 2905 laetitia,
846 2855 922 2909 qui
957 2863 1050 2897 tum
1085 2856 1219 2898 etiam
1258 2855 1458 2911 impense
1491 2858 1709 2912 gaudent,
1757 2871 1860 2900 cum

225 2926 409 2968 eosdem
433 2927 477 2968 in
502 2938 654 2971 nostro
679 2931 845 2986 templo
873 2931 998 2974 festis
1021 2917 1180 2974 diebus
1205 2946 1416 2988 uesperas
1439 2934 1680 2977 decantare
1708 2942 1752 2976 et
1774 2935 1856 2976 do-

225 3001 412 3043 ctrinam
439 3004 727 3047 christianam
761 3007 1018 3049 memoriter
1046 3007 1235 3050 recitare
1264 3008 1512 3052 intuentur.
1551 3009 1693 3052 Multa
1727 3023 1856 3064 prae-
