1971 3276
288 197 426 231 EP1ST.
449 206 508 240 45,
523 197 679 240 46.—28
699 198 888 232 DECEMB.
910 206 1010 243 1555,
1034 207 1077 233 20
1096 200 1310 238 FEBRUAR.
1336 202 1423 245 1556
1569 211 1637 247 ,129

52 298 108 340 N.
137 297 183 340 S.
211 297 266 339 de
300 296 466 338 darnos
496 310 520 337 a
544 296 672 338 todos
695 312 747 339 su
779 298 931 352 gracia
956 313 1059 354 para
1083 314 1169 354 que
1193 314 1276 341 con
1307 315 1388 356 paz
1412 317 1440 356 y
1464 302 1686 356 quietitud

52 374 108 417 de
130 372 287 428 spiritu
306 373 346 415 le
363 379 381 403 g
399 372 635 427 siruamos,
657 373 866 428 quitados
883 375 948 417 los
966 375 1345 430 ympedimientos
1362 377 1493 421 della.
1517 380 1681 421 Amen.

55 451 122 492 De
158 452 299 492 Roma
325 451 471 493 XXIII
494 451 539 491 di
563 450 676 494 Xfi‘ffi
706 461 831 505 1555.

140 527 399 581 Inscriptio,
430 528 623 582 Burgos.
652 530 707 571 D.
735 529 882 571 Gallo.

370 738 652 776 POLANCUS
679 740 837 775 PATRI
865 741 1071 778 DIDACO
1098 741 1362 779 GUZMANO

572 831 690 857 ROMA
708 822 752 857 28
770 832 1010 859 DECEMBR1S
1033 833 1120 868 1555
1142 826 1167 862 1.

289 904 515 950 Cognatum
535 916 648 939 suum
666 905 925 940 Francz'scum
944 908 1162 941 Polancum
1182 910 1443 944 commendat.

133 989 232 1044 J'ns.
268 989 357 1030 Ahi
380 995 397 1012 ³
426 992 522 1031 esta
552 1003 624 1043 my
658 996 860 1044 parente,
891 1004 979 1044 que
1008 1005 1055 1033 se
1085 991 1218 1033 llama
1250 992 1491 1034 Francisco
1529 992 1573 1035 di
1601 995 1683 1036 Po-

54 1065 195 1116 lanco,
221 1079 246 1107 a
269 1064 404 1119 quien
423 1080 448 1108 e
470 1064 626 1107 scritto
648 1066 934 1108 esortandolo
957 1080 1004 1109 se
1029 1068 1252 1111 confiesse
1287 1083 1375 1110 con
1402 1070 1457 1111 V.
1489 1070 1539 1112 R.
1573 1070 1682 1112 Aui-

53 1155 171 1183 seme
194 1141 230 1183 si
253 1142 295 1183 lo
318 1142 444 1193 haze3
466 1156 495 1196 y
521 1156 603 1197 por
627 1142 826 1194 caridad‚
854 1157 940 1197 que
964 1143 1161 1187 ubiendo
1189 1144 1418 1200 occasion,
1455 1160 1542 1200 que
1576 1146 1683 1188 mire

57 1232 135 1273 por
157 1219 197 1260 el
223 1219 278 1260 V.
306 1219 380 1273 R„
407 1233 434 1273 y
459 1233 529 1262 me
552 1219 593 1261 la
622 1221 739 1274 haga
768 1220 824 1262 de
852 1220 1075 1264 auisarme
1104 1221 1140 1263 si
1167 1220 1184 1245 b
1213 1220 1477 1265 intiendiere
1505 1237 1592 1277 que
1626 1238 1683 1265 no

52 1295 161 1337 haze
178 1294 281 1337 bien
304 1295 346 1336 lo
369 1309 456 1349 que
478 1295 609 1348 deue,
635 1310 660 1337 o
684 1298 768 1338 che
789 1304 924 1352 tenga
948 1297 1047 1339 ruin
1069 1298 1184 1340 fama
1202 1312 1261 1352 yn
1282 1299 1400 1353 algo3
1423 1314 1593 1354 porque
1613 1314 1682 1342 me

53 1371 94 1412 lo
118 1372 207 1413 han
231 1378 246 1396 ⁰
269 1372 600 1415 recomendado
624 1374 787 1414 mucho
805 1373 861 1416 de
881 1375 1073 1429 Burgos.
1099 1374 1211 1417 Bien
1229 1378 1278 1417 se
1296 1390 1383 1430 que
1405 1390 1509 1431 para
1529 1376 1569 1418 la
1589 1390 1685 1418 mu-

52 1449 136 1490 cha
160 1448 342 1491 caridad
365 1449 421 1491 de
445 1450 502 1491 V.
530 1450 582 1491 R.
616 1463 674 1490 no
703 1464 750 1491 es
780 1457 1002 1492 menester
1033 1450 1131 1493 eino
1161 1451 1419 1506 segnificar.
1452 1453 1519 1494 De
1544 1454 1685 1495 Roma

55 1525 107 1566 28
132 1524 175 1565 di
201 1524 457 1566 Diciembre
488 1535 613 1579 1555.

148 1601 404 1655 Inscripiio.
434 1603 519 1643 Per
543 1602 630 1643 don
655 1601 801 1657 Diego
822 1601 850 1644 ².

423 1797 705 1835 POLANCUS
740 1799 1038 1837 FRANCISCO
1075 1789 1324 1838 POLANCO

560 1883 674 1911 ROMA
701 1886 746 1910 20
772 1886 1001 1912 FEBRUARH
1039 1879 1127 1922 1556
1147 1879 1177 1913 1.

51 1961 83 1987 1.
109 1952 410 1998 Certiorfactus
428 1954 474 1987 de
501 1956 624 1988 morte
653 1954 843 1998 Alplzonsi
869 1956 915 1989 de
937 1955 1123 1996 Polanco,
1148 1960 1226 2001 pro
1251 1955 1334 2000 ejus
1358 1959 1525 1991 aeterna
1551 1958 1682 2001 requie

117 2016 249 2056 preces
267 2015 303 2046 et
319 2011 481 2057 piacula
498 2012 812 2056 pellicatum—2.
835 2013 1096 2048 Franciscum
1115 2014 1272 2048 solatur
1290 2016 1336 2049 de
1364 2016 1545 2060 parentis
1564 2016 1679 2050 obitu.

123 2080 201 2114 ως.
235 2071 371 2115 Ipsum
390 2071 443 2104 ad
467 2072 531 2115 pte
556 2072 770 2106 vivendum
797 2073 976 2113 hortans,
1004 2077 1267 2118 cognatorum
1299 2078 1408 2119 opem
1429 2086 1684 2120 amoremque

122 2130 339 2173 promittit.

147 2226 183 2257 Ι.
250 2213 311 2256 Mi
334 2221 469 2257 sefior
492 2231 548 2258 en
560 2217 669 2271 Jesu
695 2216 779 2258 X.⁰
804 2216 866 2258 La
890 2215 1040 2270 gracia
1064 2231 1091 2270 y
1116 2230 1238 2257 amor
1261 2217 1316 2259 (16
1340 2216 1423 2258 X.⁰
1448 2218 1502 2259 N.
1531 2217 1577 2261 S.
1606 2231 1680 2259 sea

126 2347 143 2370 g
194 2338 228 2371 la
248 2349 320 2371 ms.

124 2441 140 2458 a
191 2432 251 2465 Ha
271 2444 341 2466 ms.
395 2434 460 2459 —b
492 2432 548 2467 sie
568 2444 638 2467 ms.
694 2442 755 2459 -0
782 2444 882 2467 anno
901 2445 973 2467 ms.

128 2546 136 2563 ¹
189 2545 248 2578 EX
271 2544 404 2579 codiee
425 2546 578 2592 Regest.
600 2547 675 2587 III,
698 2545 762 2581 fol.
783 2545 883 2581 3681.
912 2546 968 2579 Ex
997 2546 1302 2591 orthographicis
1323 2547 1457 2582 erratis
1473 2550 1682 2593 praecipua

55 2610 203 2638 tantum
224 2609 413 2640 notamus..

124 2665 136 2682 ²
187 2664 228 2699 P.
261 2664 430 2699 Didacus
460 2665 560 2710 (sive
588 2664 771 2708 Jacobus)
799 2663 1024 2698 Guzmanus
1054 2663 1119 2708 qui
1152 2663 1371 2697 Florentiae
1402 2664 1585 2711 degebat,
1618 2666 1685 2700 ubi

57 2723 281 2760 Franciscus
296 2725 343 2759 de
363 2724 531 2758 Polaneo
552 2722 814 2757 mercatoriam
835 2722 1044 2756 exercebat
1064 2728 1198 2757 artem.
1222 2721 1283 2756 Ad
1308 2723 1487 2758 eumdem
1507 2724 1681 2759 Guzma-

56 2784 318 2829 num-scripsit
337 2783 525 2817 Polanc-us
544 2781 680 2815 eodem
699 2780 760 2816 die
780 2781 972 2825 longiores
992 2782 1140 2815 litteras
1161 2780 1208 2815 de
1235 2781 1320 2815 aliis
1340 2783 1469 2827 rebus,
1491 2795 1588 2828 quae
1606 2786 1680 2828 legi

56 2847 215 2885 possunt
234 2842 271 2876 in
289 2841 465 2876 Monam.
489 2841 637 2886 Igrmt„
660 2851 735 2875 ser.
767 2839 829 2883 La,
852 2840 899 2883 X,
921 2849 989 2883 405
1012 2852 1096 2885 sqq.
1124 2840 1183 2873 De
1210 2840 1414 2875 Francisco
1442 2841 1489 2876 de
1517 2843 1681 2877 Polancc

52 2911 168 2945 saepe
186 2900 229 2934 fit
249 2899 392 2934 mentio
411 2900 448 2933 in
468 2899 608 2933 nostris
630 2898 930 2942 MONUMENTIS,
952 2899 1000 2932 ab
1018 2909 1118 2932 anno
1142 2906 1241 2941 1555.

128 2996 135 3013 ¹
191 2995 246 3028 Ex
266 2993 398 3028 codice
420 2994 571 3039 Regest.
591 2993 663 3033 IV,
684 2992 754 3027 fol.
779 3001 840 3029 zv,
862 2996 900 3026 et
919 2991 975 3028 3r.

198 3059 351 3086 POLAXCI
371 3063 623 3085 COMPLEMENTA
1524 3058 1540 3083 9
