1971 3276
540 211 676 245 EP1ST.
697 209 848 253 74.-31
880 211 1125 245 DECEMBRIS
1156 212 1244 254 1562
1601 212 1666 256 325

89 324 191 353 cum
230 309 362 352 etiam
397 311 673 364 uoluptatem
703 318 902 364 caperet,
938 311 1080 352 multo
1113 310 1381 353 obstinatius
1417 312 1460 352 in
1490 326 1542 353 ea
1571 312 1715 353 caeci-

90 394 178 429 tate
202 386 429 440 haerebam
457 400 539 429 nec
564 400 661 427 raro
687 386 745 426 illi
770 385 933 427 accidit
959 394 1006 428 ut
1030 400 1131 429 cum
1158 401 1338 441 precum
1364 388 1638 428 horariarum
1666 388 1713 428 li-

86 464 214 505 brum
239 463 283 504 in
306 477 465 504 manus
483 470 696 514 sumeret,
729 463 982 518 exemplum
1017 463 1217 505 imitatus
1247 464 1541 517 quorumdam
1566 465 1713 507 adole-

85 547 290 582 scentum
316 539 391 594 qui
414 539 457 580 in
481 540 636 581 eadem
666 540 799 581 domo
828 553 930 581 cum
962 540 1036 580 illo
1067 540 1348 595 habitabant,
1374 541 1594 581 bonorum
1622 555 1711 582 mo-

86 630 182 657 rum
211 623 255 657 et
286 616 513 670 religionis
535 615 859 666 studiosorum,
887 631 969 658 nec
994 616 1195 671 linguam
1230 617 1285 658 ad
1320 631 1475 671 preces
1509 631 1710 671 pronun-

84 692 266 734 ciandas
289 692 532 747 inflectere,
560 706 641 734 nec
665 692 823 733 librum
849 693 1056 735 manibus
1088 701 1240 736 tenere
1265 701 1430 748 posset:
1460 707 1590 747 quam
1617 708 1709 736 rem

84 769 202 823 apud
235 783 283 811 se
317 768 519 824 miratus,
558 776 703 811 tactus
738 769 927 823 primurn
963 770 1265 812 conscientiae
1300 770 1498 821 stimulo,
1536 769 1576 810 in
1612 784 1709 811 eam

83 845 245 888 deinde
269 845 324 888 de
347 845 500 888 diuina
519 845 818 887 misericordia
840 846 1199 900 desperationem
1223 854 1422 896 uenerat,
1454 854 1499 887 ut
1524 847 1593 888 uel
1620 846 1711 887 uio-

82 921 225 965 lentas
248 922 331 963 sibi
361 937 522 963 manus
552 922 732 973 inferre,
762 923 832 964 uel
865 922 1153 977 praecipitem
1189 937 1287 965 sese
1316 923 1423 965 dare
1452 923 1586 965 miser
1619 931 1709 964 sta-

83 997 256 1049 tuisset,
284 998 368 1040 nisi
392 998 519 1040 timor
550 998 721 1049 mortis,
748 998 824 1052 qui
860 1005 927 1040 est
951 999 1082 1040 nobis
1113 1006 1271 1041 natura
1304 999 1482 1052 insitus,
1510 999 1598 1040 imo
1629 1000 1711 1041 nisi

81 1075 427 1117 clementissima
460 1075 543 1118 Dei
578 1075 879 1118 misericordia
913 1089 1014 1116 eum
1052 1090 1075 1117 a
1110 1077 1278 1118 scelere
1313 1076 1599 1129 retardasset,
1633 1076 1706 1129 qui

81 1165 183 1194 eum
217 1152 272 1193 ad
308 1152 425 1195 uitae
455 1159 689 1195 anteactae
718 1152 1017 1206 expiationem
1049 1153 1360 1207 exspectabat.
1392 1153 1506 1194 Cum
1543 1152 1709 1194 interea

84 1229 217 1269 Pater
240 1229 437 1282 quidam,
472 1228 547 1283 qui
577 1228 873 1271 adolescentis
902 1229 1230 1272 confessionem
1273 1229 1463 1283 primum
1499 1229 1708 1270 audiebat

82 1306 204 1360 (tunc
228 1305 345 1348 enim
370 1305 503 1348 alium
531 1307 710 1348 Patrem
735 1305 836 1357 sibi,
863 1305 1019 1347 relicto
1045 1306 1197 1361 priori,
1224 1307 1439 1360 elegerat)
1464 1305 1630 1359 aliquid
1654 1306 1709 1348 de

82 1389 249 1423 mutata
274 1381 318 1423 in
343 1381 540 1425 deterius
566 1381 656 1424 uita
679 1382 982 1436 suspicaretur
1012 1383 1101 1437 (qui
1126 1382 1234 1423 nihil
1262 1390 1409 1424 tamen
1433 1381 1603 1424 sciebat
1629 1396 1708 1423 nec

83 1457 394 1502 coniecturare
418 1466 433 1482 ‘³
455 1473 510 1500 ex
535 1459 662 1500 uultu
688 1458 929 1512 quidquam
959 1458 1138 1513 potuit);
1162 1473 1355 1512 cumque
1375 1458 1497 1499 illum
1517 1472 1568 1499 ea
1586 1458 1641 1499 de
1665 1472 1711 1499 re

78 1534 242 1588 alloqui
266 1535 514 1586 statuisset,
542 1549 633 1576 rem
660 1534 783 1589 prius
807 1535 1001 1577 Domino
1026 1550 1103 1589 per
1128 1536 1287 1577 fratres
1306 1549 1460 1577 omnes
1484 1548 1707 1576 commen-

78 1610 270 1652 dandam
304 1612 494 1663 curauit3
531 1619 636 1653 tunc
666 1611 929 1654 adolescens
966 1613 1141 1653 Patrem
1169 1611 1480 1666 praeueniens,
1516 1610 1708 1652 Domino

78 1687 199 1729 haud
223 1687 358 1729 dubie
381 1687 466 1730 iam
492 1688 609 1729 illius
633 1688 831 1739 miserto,
858 1702 939 1729 sua
962 1696 1120 1742 sponte
1140 1688 1284 1745 ipsum
1310 1687 1433 1742 adiit,
1460 1687 1591 1741 eique
1614 1702 1706 1730 rem
1761 1690 1765 1693 '

77 1777 270 1817 omnem,
298 1773 345 1805 ut
369 1772 472 1806 ante
495 1771 562 1807 est
586 1764 805 1818 exposita,
836 1764 987 1805 multis
1012 1764 1255 1818 lachrymis
1286 1764 1476 1819 aperuit,
1503 1771 1707 1806 statuens

77 1841 196 1896 quod
220 1840 440 1894 reliquum
465 1841 525 1882 illi
553 1841 670 1883 uitae
695 1848 873 1896 tempus
897 1849 1146 1896 supererat,
1173 1840 1368 1892 ieiuniis,
1396 1840 1706 1895 flagellationi-

74 1918 174 1972 bus,
202 1916 387 1972 aliisque
411 1917 454 1959 id
477 1932 623 1973 genus
647 1917 765 1960 vitae
791 1917 1016 1972 rigidioris
1047 1917 1368 1972 experimentis
1395 1917 1605 1969 tribuere;
1633 1916 1709 1970 qui

74 2001 117 2037 et
138 1993 214 2035 illo
236 1993 332 2048 ipso
354 1993 438 2043 die,
466 1993 512 2035 in
545 1993 726 2035 admissi
759 1993 939 2036 sceleris
974 2008 1179 2048 poenam,
1205 1993 1395 2035 sordidis
1425 1993 1609 2034 indutus
1635 2007 1708 2035 ue-

73 2070 216 2112 stibus
239 2072 295 2112 ad
318 2071 500 2126 longam
527 2085 627 2113 sese
651 2070 1058 2125 peregrinationem
1086 2071 1274 2125 parauit.

167 2157 232 2200 15.
299 2147 582 2189 Concionum
605 2161 758 2190 earum
782 2147 903 2189 nulla
927 2148 1043 2189 facta
1066 2155 1133 2190 est
1163 2147 1452 2202 intermissio,
1479 2161 1595 2200 quae
1624 2161 1704 2188 an-

75 2223 366 2267 temeridiano
391 2232 590 2279 tempore
613 2223 658 2265 in
689 2231 844 2266 nostro
876 2225 1041 2279 templo
1064 2224 1218 2266 haberi
1249 2225 1407 2266 solent.
1442 2222 1610 2266 Addita
1640 2230 1706 2264 est

73 2299 204 2342 modo
227 2299 358 2342 lectio
383 2299 683 2355 pomeridiana
712 2299 838 2341 initio
867 2301 1093 2343 aduentus
1115 2300 1341 2352 dominici,
1373 2314 1505 2353 quam
1528 2306 1704 2341 enarrat

73 2376 122 2418 P.
149 2376 308 2418 doctor
330 2376 548 2418 Emanuel
573 2376 649 2431 Sa,
677 2375 890 2430 antiquus
920 2376 963 2417 in
989 2377 1071 2417 hac
1096 2383 1249 2417 nostra
1273 2375 1501 2418 academia
1532 2374 1704 2415 theolo-

71 2451 171 2506 giae
194 2453 435 2506 professor,
464 2452 529 2494 uir
563 2453 693 2507 plane
722 2461 765 2495 et
789 2453 993 2494 doctrina
1023 2460 1067 2495 et
1099 2452 1276 2507 pietatis
1307 2452 1457 2493 studio
1491 2450 1698 2506 insignis.

72 2527 213 2570 Cuius
241 2528 561 2582 explicationes
590 2528 872 2570 auditoribus
904 2529 1085 2571 minime
1114 2542 1212 2570 esse
1246 2528 1462 2582 ingratas,
1492 2529 1703 2581 frequens

69 2617 336 2658 magnorum
372 2604 587 2659 uirorum,
614 2619 953 2659 nonnumquam
978 2604 1111 2647 etiam
1143 2603 1451 2657 cardinalium,
1494 2603 1569 2658 qui
1607 2602 1703 2645 eius

69 2679 278 2721 audiendi
295 2680 440 2735 gratia
458 2680 503 2722 in
524 2681 742 2736 templum
763 2682 1015 2731 confluunt,
1038 2681 1293 2731 multitudo,
1321 2694 1409 2721 non
1428 2681 1619 2721 obscure
1638 2679 1702 2720 in-

71 2754 204 2797 dicat.

162 2831 228 2873 16.
295 2832 434 2874 Rdus.
470 2833 519 2876 P.
552 2832 822 2875 Franciscus
854 2832 1018 2888 Borgia
1053 2833 1186 2874 modo
1217 2833 1260 2874 in
1292 2832 1415 2875 Italia
1444 2832 1700 2874 commissa-

138 3000 153 3017 e
203 2991 461 3027 coniecturari
489 3003 560 3029 ms,
