1971 3276
574 240 711 275 EPIST.
740 237 901 282 93.—15
931 237 1100 271 APRlLIS
1132 237 1219 280 1564
1601 242 1663 277 441

83 340 313 384 solationis
332 347 374 382 et
394 338 544 382 auxilii
564 338 796 381 catholicis
815 338 859 378 in
879 337 949 378 his
968 351 1083 390 quae
1107 336 1161 378 ad
1187 334 1466 390 relligionem
1492 333 1716 388 pertinent

83 419 257 461 adferre
276 416 431 472 possit,
454 416 614 458 merito
638 429 741 458 eum
766 414 1050 456 retinendum
1077 410 1351 467 aliquandiu,
1371 410 1503 453 etiam
1525 416 1623 464 post
1642 409 1717 450 ab-

84 494 230 536 soluta
253 493 449 543 comitia,
479 494 532 535 D.
563 493 618 534 V.
648 492 791 533 Illma.
817 498 990 533 censet.

171 582 214 623 4.
283 571 337 611 Et
367 569 574 623 quamuis
598 569 653 610 ad
678 567 721 609 id
746 581 880 622 opera
904 573 1059 608 nostra
1091 564 1291 607 fortassis
1314 578 1470 619 parum
1500 570 1618 605 esset
1644 576 1715 603 ne-

84 647 294 698 cessaria,
320 661 375 688 ne
401 654 549 688 tamen
573 644 721 686 officio
752 644 859 685 mihi
885 643 1087 685 iniuncto
1111 657 1135 684 a
1159 644 1215 685 D.
1245 643 1299 684 V.
1329 641 1466 682 Illma.
1495 640 1714 693 deessem,

84 731 289 766 curatum
321 731 387 765 est
424 738 500 777 per
532 737 630 773 nos,
663 731 706 763 et
742 721 971 762 curabitur
1005 719 1263 775 diligenter,
1296 725 1343 758 vt
1372 717 1643 771 complures,
1676 723 1720 757 et

84 800 264 855 quidem
283 799 358 854 qui
383 798 605 854 grauioris
631 805 736 840 sunt
761 797 1059 848 auctoritatis,
1085 811 1139 838 ex
1162 809 1289 837 sacro
1313 793 1604 836 cardinalium
1630 792 1717 833 col-

84 876 219 931 legio,
248 875 355 930 quid
378 875 542 917 sentiat
574 877 628 917 D.
658 876 713 917 V.
744 876 890 928 Rma.,
920 874 1026 927 quid
1055 873 1188 915 etiam
1221 886 1302 913 nos
1325 886 1376 914 ea
1406 871 1448 911 in
1481 885 1526 912 re
1556 869 1715 910 sentia·

85 967 200 1004 mus,
233 952 505 1006 intelligant,
541 958 585 993 et
622 952 707 992 hoc
742 950 922 1005 negocii
955 950 1317 992 commendatum
1353 948 1564 989 habeant:
1603 946 1720 1000 quod

86 1028 167 1084 ipsi
192 1028 309 1071 serio
333 1043 379 1070 se
403 1029 602 1069 facturos
627 1035 910 1081 receperunt.

178 1116 217 1158 5.
287 1104 574 1147 Periucunda
599 1103 732 1145 etiam
772 1103 853 1144 fuit
887 1116 938 1144 ea
970 1102 1168 1144 narratio
1203 1115 1316 1155 quae
1341 1099 1440 1142 Rdi.
1469 1099 1634 1140 domini
1662 1099 1702 1139 vi

86 1181 192 1223 carii
228 1194 331 1222 cum
368 1181 507 1223 Illmo.
547 1181 663 1222 duce
699 1179 884 1221 Prusiae
921 1178 1193 1232 colloquium
1225 1178 1280 1218 de
1316 1185 1467 1218 nostra
1497 1175 1723 1218 Societate

88 1257 310 1312 habitum,
338 1257 556 1299 continet.
591 1257 694 1297 Non
724 1264 790 1298 est
815 1264 980 1307 tamen,
1008 1256 1128 1309 quod
1158 1253 1404 1296 exercitum
1430 1252 1549 1294 mille
1574 1259 1618 1292 et
1643 1252 1720 1292 du-

87 1343 323 1377 centorum
349 1348 403 1375 ex
425 1333 605 1387 nostris,
627 1333 698 1375 vel
724 1332 925 1386 timeant,
951 1333 1021 1373 vel
1045 1339 1285 1386 expectent
1309 1330 1353 1371 in
1380 1329 1554 1379 Prusia;
1583 1330 1723 1369 multo

90 1411 375 1466 paucioribus
408 1409 622 1465 operariis
651 1409 851 1451 contenti
875 1423 1093 1459 essemus,
1120 1408 1157 1449 si
1180 1422 1258 1449 eos
1282 1408 1388 1449 dare
1412 1406 1541 1447 nobis
1570 1404 1722 1447 Domi-

89 1502 174 1529 nus
196 1487 478 1542 dignaretur,
507 1487 560 1528 ad
587 1486 866 1541 prutenicam
892 1493 935 1527 et
958 1485 1087 1527 aliam
1113 1484 1363 1539 polonicam
1390 1483 1566 1525 uineam
1587 1496 1722 1524 exco-

88 1565 264 1606 lendam
289 1564 550 1615 mittendos,
578 1570 621 1606 et
647 1562 888 1617 aliquando
912 1577 988 1604 eos
1012 1563 1165 1603 datum
1192 1563 1212 1581 a

1236 1560 1287 1601 iri
1311 1574 1558 1615 speramus.

177 1641 218 1682 6.
286 1641 437 1694 Nepos
462 1641 517 1682 D.
542 1641 599 1683 V.
626 1640 792 1690 ulmae,
816 1647 858 1682 et
883 1640 1112 1689 Erasmus,
1142 1638 1271 1679 nobis
1294 1645 1399 1678 sunt
1422 1637 1720 1679 comendatis-
1747 1689 1750 1693 .

89 1717 204 1767 simi,
231 1724 274 1758 et
298 1724 558 1771 pergratum
588 1716 718 1758 nobis
747 1724 813 1757 est
845 1715 888 1757 in
915 1716 1125 1765 Domino,
1152 1715 1206 1756 de
1231 1721 1420 1767 vtroque
1451 1713 1720 1766 intelligere,

90 1794 210 1848 quod
234 1793 468 1848 proficiant
492 1793 536 1834 in
561 1793 736 1846 litteris,
762 1800 805 1834 et
830 1792 875 1833 in
900 1791 1099 1833 moribus
1125 1787 1239 1834 bene
1263 1806 1310 1833 se
1335 1797 1512 1844 gerant.

178 1871 225 1912 In
247 1870 526 1912 orationibus
544 1877 694 1912 autem
720 1869 902 1923 nostris,
924 1877 968 1910 et
992 1868 1239 1919 sacrificiis,
1262 1882 1350 1908 non
1377 1881 1614 1922 possumus
1634 1880 1722 1907 non

89 1961 187 1990 esse
210 1961 431 1989 memores
455 1947 613 1987 crebro
639 1948 692 1989 D.
716 1947 772 1989 V.
796 1946 980 1997 lllmae.,
1001 1945 1072 1987 cui
1097 1944 1245 1986 omnia
1272 1943 1443 1986 foelicia
1469 1957 1722 1998 precamur,

89 2022 250 2078 cuique
274 2030 477 2065 nostrum
503 2023 769 2077 obsequium
793 2030 836 2065 et
862 2022 1060 2064 studium
1086 2021 1337 2064 humillime
1361 2021 1608 2063 offerimus.
1638 2022 1723 2062 Ro-

89 2113 186 2141 mae
219 2109 263 2152 [5
291 2099 459 2154 Aprilis
490 2100 612 2153 1564.

185 2176 441 2230 Inscriptio,
471 2175 699 2218 Cardinali
724 2175 995 2218 Varmiensi.

163 2342 176 2356 ²²
226 2341 335 2375 datos
357 2353 427 2378 ms.
