1971 3276
576 213 708 247 EPIST.
732 220 790 256 74.
806 212 883 246 —31
910 214 1153 249 DECEMBRls
1176 216 1262 257 1562
1608 215 1673 250 321

99 310 247 365 nepoti
272 311 586 365 persuadeant3
615 325 723 353 usus
751 312 883 354 etiam
909 313 1169 367 rationibus,
1197 328 1310 367 quae
1342 314 1481 356 uideri
1506 317 1724 359 honestae

98 394 300 443 possent:
329 388 529 429 futurum
569 388 612 429 id
637 388 791 430 maiori
821 389 1037 432 ecclesiae
1067 391 1185 431 bono
1214 397 1347 443 atque
1378 391 1421 431 id
1445 405 1591 445 genus
1621 391 1722 435 alia.

100 464 298 506 Perstitit
317 465 452 505 frater
472 463 516 504 in
542 464 770 519 proposito
792 465 980 506 consilio
1003 472 1277 517 constanter3
1304 466 1392 507 imo
1416 480 1518 508 cum
1538 467 1722 509 nimium

95 540 348 582 auunculus
373 548 570 596 urgeret,
596 541 773 596 scripsit
801 556 852 584 ea
874 543 930 585 de
949 556 994 583 re
1017 543 1072 584 ad
1097 544 1148 585 R.
1178 545 1227 585 Ρ.
1258 544 1514 597 generalem
1538 543 1581 584 in
1607 544 1723 585 hanc

95 616 378 659 sententiam:
414 618 665 672 professum
699 618 939 661 Societatis
972 620 1169 679 nondum
1200 634 1248 662 se
1277 633 1375 663 esse
1405 620 1600 674 quidem,
1629 634 1726 663 esse

96 699 241 734 tamen
265 707 319 734 eo
344 693 510 745 animo,
537 701 586 735 ut
608 694 744 736 uitam
770 694 813 736 in
840 695 1081 747 Societate,
1108 697 1161 738 ad
1182 710 1313 750 quam
1339 703 1457 739 esset
1480 711 1503 738 a
1529 698 1624 739 Deo
1650 711 1722 738 uo-

94 776 237 820 catus,
272 776 533 824 perpetuam
572 784 707 825 agere
733 780 779 818 et
806 771 917 813 mori
947 772 1130 814 omnino
1154 773 1277 824 uelit;
1304 786 1354 814 ac
1378 772 1462 814 nisi
1484 773 1718 828 imperium

91 844 311 899 ejusmodi
329 845 592 902 intercedat,
621 848 740 901 quod
758 847 1000 902 praeterire
1023 847 1120 891 sine
1138 849 1305 891 scelere
1323 864 1411 891 non
1433 849 1586 904 possit,
1609 864 1720 891 nun-

93 935 224 975 quam
248 937 296 965 se
325 923 539 964 auunculi
566 924 787 965 uoluntati
813 923 1157 968 obsecuturum.
1190 926 1306 967 Cum
1339 926 1517 967 tandem
1542 925 1652 967 mhil
1676 940 1723 968 se

91 999 160 1040 uel
185 1012 265 1040 sua
290 999 360 1041 uel
379 998 569 1041 aliorum
590 1014 727 1054 opera
750 1000 869 1055 apud
894 1008 1101 1055 nepotem
1130 1002 1307 1044 efficere
1332 1001 1572 1057 episcopus
1599 1002 1722 1046 uide-

91 1081 171 1125 ret,
199 1074 309 1117 dixit
341 1083 605 1117 curaturum
635 1090 683 1119 se
715 1083 762 1118 ut
792 1076 886 1131 ipse
919 1091 1121 1119 summus
1152 1078 1368 1132 pontifex,
1400 1079 1472 1120 cui
1506 1079 1720 1133 refragari

87 1150 159 1193 ille
183 1165 271 1193 non
295 1159 462 1207 posset,
488 1152 673 1208 imperio
697 1153 841 1208 ipsum
866 1168 947 1195 suo
971 1155 1024 1195 ad
1049 1154 1357 1209 episcopatum
1382 1155 1716 1210 suscipiendum
1747 1153 1750 1154 ⁷

82 1227 303 1283 adigeret.
326 1229 411 1271 Cui
439 1243 592 1285 nepos:
616 1231 671 1271 Et
689 1243 791 1285 ego,
814 1230 974 1284 inquit,
999 1245 1216 1273 curauero
1241 1245 1296 1272 ne
1319 1231 1392 1272 ille
1410 1231 1614 1286 imperet.
1637 1233 1722 1275 Ne·

36 1326 38 1328 v
85 1317 174 1358 que
198 1319 306 1347 uero
329 1306 474 1347 solum
499 1307 694 1349 oblatam
719 1321 744 1348 a
767 1322 813 1350 se
835 1307 1098 1362 dignitatem
1126 1308 1303 1362 repulit,
1332 1308 1399 1350 uir
1423 1308 1622 1363 alioquin
1653 1309 1717 1350 iu-

85 1380 202 1422 dicio
232 1381 475 1436 perspicaci
516 1389 560 1426 et
598 1383 641 1424 in
678 1383 990 1438 philosophiae
1026 1384 1371 1439 theologiaeque
1407 1385 1567 1427 studiis
1611 1385 1718 1427 satis

88 1464 308 1512 uersatus,
339 1471 495 1500 uerum
519 1459 652 1501 etiam
676 1461 796 1501 omni
820 1459 864 1501 in
888 1474 1034 1514 genus
1056 1475 1187 1502 suum
1211 1475 1365 1503 amore
1383 1461 1603 1516 deposito,
1632 1463 1717 1503 hoc

86 1532 219 1576 etiam
238 1534 353 1576 serio
372 1536 597 1577 avunculo
618 1536 775 1586 suasit,
801 1551 857 1579 ne
888 1536 1010 1579 fratri
1034 1551 1130 1587 suo,
1158 1537 1261 1580 licet
1284 1536 1319 1578 is
1344 1537 1636 1580 ecclesiastici
1661 1537 1717 1579 sit

85 1609 269 1661 ordinis,
295 1610 404 1651 illud
428 1611 710 1665 gubernandi
740 1626 904 1654 munus
938 1613 1222 1666 relinqueret,
1253 1614 1330 1655 sed
1357 1613 1501 1655 uirum
1526 1613 1716 1668 eligeret

84 1693 243 1737 aetate,
264 1686 467 1728 doctrina
488 1694 533 1729 et
552 1687 773 1741 probitate
793 1688 1033 1743 insignem,
1059 1689 1104 1729 in
1128 1703 1216 1743 quo
1236 1689 1423 1744 periculi
1447 1689 1556 1731 nihil
1573 1697 1707 1745 esset,
1760 1689 1763 1692 ’

82 1776 140 1804 ne
161 1763 231 1805 uel
250 1762 479 1804 affinitatis
504 1764 823 1807 coniunctione
846 1765 977 1819 affici,
1002 1766 1070 1808 uel
1098 1765 1389 1820 decipietiam
1411 1768 1523 1808 forte
1542 1773 1708 1820 posset.

86 1839 201 1881 Idem
227 1838 313 1880 dici
334 1840 426 1882 fere
451 1841 506 1883 de
528 1840 626 1882 aliis
652 1840 863 1884 fratribus
894 1850 1057 1896 posset,
1079 1843 1153 1896 qui
1180 1842 1445 1897 importunis
1476 1850 1709 1898 parentum

86 1915 292 1969 precibus
320 1930 371 1958 ac
396 1916 620 1959 blanditiis
644 1918 929 1972 contemptis,
962 1919 1071 1960 illud
1095 1933 1149 1961 ex
1171 1919 1321 1962 animo
1350 1919 1467 1973 apud
1490 1933 1582 1969 eos,
1605 1919 1709 1962 libe-

81 2005 220 2046 raque
244 2006 355 2034 uoce
386 1993 748 2047 pronuntiarunt:
775 1994 822 2037 Si
847 1995 1022 2049 propria
1053 1995 1329 2049 reliquimus,
1356 2009 1495 2049 quare
1518 1995 1708 2050 accipie-

84 2082 181 2110 mus
213 2068 384 2112 aliena?
419 2069 624 2113 meliores
654 2070 862 2113 nimirum
893 2085 1022 2125 opes,
1061 2079 1105 2114 et
1137 2073 1330 2115 honores
1353 2072 1591 2126 ampliores
1630 2086 1709 2127 spe

84 2145 271 2188 certiore
295 2146 489 2200 sequuti.

173 2221 215 2265 8.
281 2223 349 2265 De
378 2222 538 2265 studiis
567 2223 772 2266 literariis
801 2238 890 2265 non
921 2225 1059 2267 multa
1084 2232 1189 2267 sunt
1217 2225 1420 2268 dicenda.
1449 2226 1543 2267 Sub
1573 2225 1706 2267 finem

78 2298 294 2341 >Octobris
323 2298 484 2340 artium
517 2299 774 2354 magisterio
803 2301 859 2353 46
896 2316 950 2344 ex
980 2302 1142 2343 nostris
1174 2301 1373 2356 insigniti
1405 2309 1524 2350 sunt;
1558 2302 1708 2342 docto-

81 2381 179 2416 ratu
199 2388 306 2417 uero
330 2374 373 2416 in
398 2375 623 2430 theologia
646 2391 739 2431 sex,
762 2390 864 2418 cum
884 2377 1047 2431 quibus
1066 2385 1297 2433 promotus
1316 2385 1383 2421 est
1401 2377 1534 2420 etiam
1554 2378 1608 2419 ad
1631 2378 1706 2419 do·

76 2457 301 2492 ctoratum
332 2452 541 2494 sacerdos
565 2452 745 2506 quidam
775 2454 936 2508 gallus,
969 2454 1213 2509 germanici
1243 2453 1421 2508 collegii
1450 2454 1703 2508 conuictor‚

19 2554 33 2561 ι
78 2527 155 2580 qui
186 2528 352 2569 multos
381 2542 522 2569 annos
550 2535 594 2570 et
625 2529 948 2584 philosophicis
976 2537 1019 2572 et
1047 2529 1311 2584 theologicis
1339 2529 1496 2571 studiis
1519 2531 1602 2571 sub
1621 2544 1704 2573 no-

81 2610 273 2646 strorum
296 2604 575 2659 disciplinam
596 2604 639 2646 in
663 2620 847 2648 romano
866 2606 1057 2661 collegio
1074 2620 1254 2660 operam
1278 2607 1477 2657 dederat;
1505 2620 1635 2660 quem
1661 2606 1705 2647 in

75 2679 247 2722 Gallias
266 2680 351 2722 iam
370 2681 637 2736 profectum,
650 2695 881 2736 speramus
897 2697 985 2723 non
1000 2682 1200 2723 inutilem
1217 2696 1323 2724 suae
1341 2682 1467 2736 genti
1486 2683 1702 2724 futurum.

82 2756 146 2797 Ex
170 2756 239 2798 his
262 2757 519 2799 doctoribus
544 2757 705 2800 missus
721 2766 789 2800 est
814 2760 869 2802 D.
895 2759 1080 2801 Ioannes
1106 2758 1352 2801 Balmesius
1375 2772 1477 2800 cum
1496 2758 1591 2800 aliis
1611 2759 1705 2813 qui-

48 2867 57 2872 ,,
76 2831 267 2874 busdam
292 2833 347 2875 ad
370 2833 736 2876 constitutionem
775 2834 879 2876 noui
912 2834 1089 2889 collegii
1115 2834 1365 2877 rutenensis
1389 2834 1402 2853 ⁵
1427 2834 1470 2876 in
1494 2835 1701 2887 Galliam3

149 2937 162 2955 5
216 2938 274 2971 De
295 2937 519 2973 fundatione
545 2938 699 2983 collegii
729 2940 948 2974 rutenensis
975 2939 1135 2983 (Rodez)
1156 2939 1205 2977 cf.
1228 2941 1501 2984 FOUQUERAY‚
1529 2941 1706 2976 Histoire

74 2996 179 3030 dela
202 2996 447 3042 Compagnie
463 2998 509 3032 de
526 2998 643 3042 se'sus
661 3009 708 3032 en
729 2997 894 3038 France,
916 2998 948 3042 Ι,
969 2998 1032 3033 311
1057 3010 1141 3045 sqq.

255 3062 410 3089 PoLANcl
430 3067 685 3089 COMPLEMENTA
1491 3064 1522 3091 21
