1971 3276
307 232 377 277 390
806 231 996 266 POLANci
1024 238 1345 266 COMPLEMENTA

247 335 495 378 solamente
518 333 545 375 li
572 332 727 387 nostri,
754 347 825 374 ma
848 346 1010 374 ancora
1039 330 1145 373 tutti
1174 331 1292 375 doue
1327 345 1375 374 se
1404 328 1706 372 instituissero
1735 342 1888 385 opera-

247 410 299 453 rii
321 425 399 466 per
421 410 578 466 agiuto
601 409 717 451 della
740 408 910 461 chiesa;
937 416 981 452 et
1013 407 1108 451 cosi
1138 407 1283 463 passo,
1309 420 1438 450 corne
1461 412 1682 461 potranno
1705 405 1886 449 uedere.

335 500 378 541 4.
445 487 588 542 Oggi,
615 493 771 529 contra
793 485 896 540 quel
922 487 1005 528 che
1030 484 1155 527 molti
1182 498 1459 540 pensauanO,
1480 497 1506 525 o
1524 497 1602 538 per
1621 482 1687 524 dir
1705 481 1887 537 meglio,

247 566 348 606 fuor
375 565 430 606 de
458 564 499 606 la
527 577 745 618 speranza
774 563 860 604 che
890 577 939 605 se
976 563 1170 613 haueua,
1199 560 1408 604 uedendo
1430 561 1472 603 le
1509 558 1727 602 difficultati
1756 559 1843 601 che
1875 557 1892 583 b

247 641 394 695 questi
412 639 455 682 di
481 653 625 681 sonno
647 653 846 691 occorse,
872 638 908 681 si
932 639 956 681 e
986 639 1095 681 fatta
1116 638 1158 681 la
1182 645 1278 691 7.ma
1299 636 1501 680 sessione
1525 636 1539 656 ⁴
1564 649 1649 679 con
1667 650 1781 692 gran
1806 637 1888 679 fre-

247 717 430 772 quentia
459 717 515 760 de
544 716 720 771 prelati,
747 716 832 758 che
855 715 891 757 si
915 715 1015 759 dice
1042 714 1391 758 arriuarebbono
1413 728 1437 756 a
1462 725 1561 768 23o;
1588 719 1633 756 et
1658 714 1723 756 fra
1746 713 1841 756 loro
1864 714 1891 755 ὁ

248 794 479 845 cardinali,
505 807 532 847 4
562 794 714 850 legati,
741 795 916 847 Moron,
944 792 1224 847 Varmiense,
1268 791 1520 835 Simonetta
1542 797 1586 833 et
1610 790 1887 846 Nauagerio,

247 880 291 914 et
314 872 390 913 dui
413 871 514 914 altri
538 886 627 913 non
651 870 802 926 legati,
830 871 1011 912 Lorena
1041 877 1085 913 et
1110 869 1141 910 il
1163 868 1389 911 cardinale
1414 867 1663 919 Madruzio,
1690 881 1889 911 vescouo

248 950 303 991 de
327 950 510 1001 Trento,
538 956 581 992 et
611 960 634 1002 3
669 946 924 1003 patriarchi,
951 946 1007 988 de
1035 945 1338 997 Hierusalem,
1372 945 1597 1000 Aquileya
1621 959 1648 1000 y
1679 944 1886 995 Venetia,

248 1034 293 1067 et
322 1040 435 1081 gran
465 1040 655 1068 numero
686 1025 741 1067 de
770 1023 1046 1075 aciuescoui,
1080 1031 1125 1066 et
1158 1022 1468 1066 imbasciadori
1500 1023 1571 1065 del
1603 1022 1886 1077 imperatore,

248 1103 320 1146 del
344 1117 389 1144 re
412 1102 648 1152 catholico,
676 1102 747 1144 del
771 1086 817 1144 re
840 1101 883 1143 di
908 1101 1114 1152 Francia,
1141 1116 1188 1143 re
1211 1102 1267 1144 de
1294 1101 1573 1155 Portugallo,
1596 1114 1643 1141 re
1666 1100 1721 1141 de
1746 1099 1887 1141 Pollo-

248 1179 336 1232 nia,
370 1187 412 1222 et
435 1180 490 1221 de
513 1188 637 1234 parte
660 1179 775 1220 della
799 1178 956 1233 regina
979 1179 1035 1220 de
1064 1177 1269 1231 Schotia,
1297 1179 1336 1220 la
1367 1178 1497 1233 quale
1522 1191 1599 1232 per
1631 1178 1672 1219 la
1699 1175 1889 1218 tirannia

248 1257 350 1299 delli
370 1256 556 1300 heretici
575 1271 623 1299 se
646 1270 865 1299 escusaua
889 1270 965 1310 per
983 1256 1140 1298 lettere
1164 1255 1221 1297 de
1241 1269 1329 1295 non
1356 1254 1493 1309 poter'
1512 1253 1709 1295 mandar'
1736 1252 1765 1294 li
1789 1251 1889 1294 suoi

249 1333 446 1385 vescoui;
470 1341 513 1374 et
537 1334 565 1374 il
590 1333 789 1376 cardinal
812 1332 855 1374 di
879 1334 1072 1386 Lorena,
1099 1346 1181 1373 suo
1205 1332 1287 1384 zio,
1307 1345 1381 1373 era
1405 1345 1487 1373 suo
1511 1329 1787 1385 procurador
1810 1343 1888 1384 per

249 1409 522 1462 consentire,
549 1417 593 1452 et
618 1410 682 1451 far
705 1410 760 1452 da
785 1424 864 1451 sua
897 1415 1022 1463 parte
1054 1415 1172 1450 tutto
1196 1408 1344 1463 quello
1374 1408 1458 1449 che
1482 1406 1752 1450 conueniua.
1782 1407 1886 1448 Era-

248 1501 360 1529 noce
383 1500 547 1528 ancora
572 1485 873 1528 imbasciatori
897 1485 1001 1528 delli
1031 1485 1131 1527 altri
1165 1484 1352 1540 principi
1376 1484 1432 1527 de
1454 1483 1594 1533 Italia,
1621 1497 1748 1525 coine
1771 1483 1888 1525 della

246 1563 444 1618 signoria
469 1564 525 1604 de
552 1563 763 1615 Venetia,
787 1563 903 1605 duca
926 1562 969 1603 di
993 1563 1188 1616 Sauoya,
1215 1569 1321 1613 etc.‚
1344 1568 1388 1604 et
1408 1559 1686 1616 procuratori
1709 1560 1765 1602 de
1787 1560 1887 1602 altri

247 1639 434 1695 principi
454 1639 665 1681 catholici
686 1640 740 1682 de
766 1640 1033 1694 Alemagna,
1053 1646 1097 1681 et
1121 1653 1233 1694 gran
1252 1652 1440 1681 numero
1463 1639 1517 1680 de
1542 1635 1740 1692 theologi
1764 1644 1807 1679 et
1829 1637 1887 1678 de

248 1718 358 1759 altre
391 1716 532 1771 genti.
568 1718 622 1758 Et
651 1717 782 1771 dopoi
808 1717 848 1758 la
880 1729 1039 1768 messa,
1071 1724 1115 1757 et
1144 1730 1323 1757 sermon
1352 1714 1503 1767 latino,
1534 1722 1578 1756 et
1608 1713 1815 1765 orationi,
1850 1713 1885 1755 si

247 1794 413 1836 lessero
433 1795 471 1835 le
495 1794 652 1836 lettere
670 1793 771 1836 delli
796 1792 985 1848 principi
1004 1800 1047 1834 et
1074 1791 1376 1847 procurationi
1394 1792 1497 1833 delli
1517 1790 1654 1846 legati
1678 1798 1721 1832 et
1746 1790 1884 1832 imba-

247 1870 428 1912 sciatori
453 1871 539 1912 che
563 1885 698 1912 erano
725 1870 878 1912 nenuti
908 1869 1040 1924 dopoi
1065 1870 1180 1910 della
1203 1867 1272 1910 6⁸
1296 1867 1512 1911 sessione.
1542 1868 1598 1908 Et
1623 1866 1749 1908 finito
1774 1881 1883 1921 que-

246 1953 334 1992 sto,
361 1946 401 1987 el
427 1960 622 1987 uescouo
645 1946 700 1989 de
732 1945 888 1996 Parisi,
923 1946 952 1986 il
982 1947 1086 2000 qual
1109 1948 1287 1988 haueua
1310 1945 1435 1987 detto
1458 1946 1498 1987 la
1528 1958 1688 1998 messa,
1718 1944 1832 1986 lesse
1857 1943 1884 1984 li

245 2022 414 2064 decreti
438 2024 520 2064 che
552 2031 710 2064 toccan
735 2023 772 2064 al
799 2031 1080 2065 sacramento
1105 2023 1177 2064 del
1202 2021 1372 2073 ordine,
1398 2020 1432 2063 si
1461 2022 1501 2063 la
1525 2020 1729 2062 doctrina
1753 2033 1883 2062 como

246 2098 274 2139 li
296 2099 472 2140 canoni.
507 2100 561 2140 Et
591 2099 906 2141 doinandando
928 2114 976 2142 se
1008 2114 1032 2140 a
1058 2099 1161 2140 tutti
1187 2098 1452 2153 piaceuano‚
1482 2097 1509 2137 li
1535 2096 1695 2138 notarii
1721 2111 1746 2138 o
1772 2110 1882 2138 uero

245 2176 489 2226 secretarii,
513 2176 538 2215 li
564 2175 682 2229 quali
702 2176 939 2218 andauano
958 2176 1015 2217 ad
1036 2189 1124 2217 uno
1143 2176 1198 2217 ad
1219 2189 1307 2216 uno
1325 2190 1349 2217 a
1369 2174 1531 2229 pigliar
1549 2173 1577 2215 li
1600 2173 1691 2215 uoti
1711 2173 1766 2215 de
1791 2180 1858 2215 tut
1876 2197 1882 2202 -

248 2252 291 2304 ti,
318 2259 532 2293 trouorno
558 2253 695 2293 molto
723 2266 834 2307 gran
865 2251 1148 2303 conformita;
1184 2251 1349 2306 perche
1375 2251 1439 2293 fra
1467 2250 1574 2292 tanti
1609 2249 1765 2305 prelati
1789 2250 1884 2292 solo

246 2329 376 2370 furno
400 2328 563 2382 cinque
588 2343 614 2369 O
637 2329 701 2370 sei
724 2330 807 2371 che
835 2328 1072 2370 sentiuano
1095 2344 1143 2371 se
1167 2329 1358 2371 douesse
1382 2326 1617 2382 agionger’
1644 2333 1765 2367 certe
1798 2326 1880 2368 de·

245 2404 511 2446 chiarationi
535 2405 590 2446 ad
614 2404 761 2447 alcuni
794 2404 970 2447 canoni.
1001 2404 1130 2460 Dipoi
1154 2419 1344 2460 propose
1367 2410 1383 2428 ‘³
1406 2403 1435 2444 il
1458 2404 1582 2446 detto
1607 2416 1803 2444 vescouo
1827 2402 1883 2444 de

249 2480 387 2521 Parisi
408 2481 448 2522 la
465 2481 662 2521 seconda
687 2487 828 2534 parte,
848 2481 953 2534 qual
981 2494 1056 2523 era
1084 2480 1186 2524 delli
1211 2479 1377 2522 decreti
1403 2479 1517 2521 della
1542 2477 1878 2529 reformatione,

245 2563 289 2597 et
314 2557 377 2598 fra
401 2556 533 2610 quelli
560 2556 603 2598 in
624 2557 768 2611 primo
793 2557 889 2598 loco
916 2558 960 2599 fu
979 2565 1108 2612 posto
1128 2558 1231 2612 quel
1254 2557 1308 2599 de
1331 2557 1372 2598 la
1398 2554 1654 2609 residentia,
1678 2553 1860 2608 obligan

245 2632 302 2673 do
324 2647 347 2674 a
371 2633 517 2687 quella
542 2632 645 2674 tutti
669 2632 698 2674 li
727 2633 924 2685 vescoui,
951 2633 1172 2676 ancorche
1204 2634 1355 2675 fusero
1386 2630 1617 2686 cardinali,
1644 2638 1687 2673 et
1719 2629 1820 2672 tutti
1852 2629 1881 2670 li

317 2803 334 2828 b
383 2802 431 2836 de
450 2815 520 2838 ms.
577 2813 638 2831 —c
666 2816 831 2849 propuse
851 2816 922 2839 ms.

314 2972 327 2990 ⁴
380 2971 639 3007 Numerantur
655 2974 716 3008 hic
732 2975 928 3010 sessiones
945 2976 992 3010 ab
1009 2975 1143 3010 ultima
1162 2974 1315 3010 concilii
1330 2974 1629 3009 convocatione:
1649 2980 1729 3007 erat
1749 2978 1878 3008 autem

246 3030 295 3064 ab
315 3029 409 3064 inito
427 3031 592 3065 concilio
612 3032 754 3068 XXHI.
