1971 3276
583 221 714 254 EPIST.
749 221 896 255 128.—1
923 222 1123 266 JANUARH
1146 224 1234 266 1567
1624 226 1692 269 629

105 318 325 374 imagines
348 318 463 362 intra
486 321 728 375 collegium
754 321 934 377 inprimi
957 322 1127 373 solitas,
1155 322 1420 377 largiantur.
1450 325 1578 366 Vnus
1607 339 1661 366 ex
1686 324 1737 366 iis

103 409 203 437 cum
233 395 431 439 uenisset
462 396 506 437 in
536 397 700 452 oppida
731 398 775 438 in
807 398 970 452 quibus
1004 407 1130 440 erant
1161 399 1324 450 iudaei,
1359 400 1518 454 partim
1551 414 1654 442 cum
1685 400 1737 442 iis

103 471 388 527 disputando,
422 473 580 527 partim
617 474 836 516 habendis
866 475 1176 527 concionibus,
1208 476 1375 530 aliquot
1409 490 1564 518 eorum
1601 478 1736 518 corda

102 548 361 600 commouit;
389 563 578 603 quorum
601 550 672 592 alii
697 549 859 593 ibidem
885 550 1113 605 baptizati,
1139 552 1212 593 alii
1245 552 1300 593 ad
1336 553 1503 595 Urbem
1530 554 1732 607 profecti,

101 625 230 667 solita
255 640 278 666 a
303 625 466 667 nostris
489 633 532 668 et
556 626 600 668 in
619 624 891 681 spiritalibus
915 635 958 670 et
983 627 1026 669 in
1063 628 1243 682 reliquis
1268 629 1549 683 benignitate
1576 637 1735 672 tracta·

104 701 134 743 ti
160 709 282 743 sunt.

188 791 261 831 44.
330 778 654 822 Vacationibus
672 780 1009 823 autumnalibus
1028 781 1166 823 nostri
1187 782 1302 824 circa
1321 797 1480 838 agrum
1503 798 1733 826 romanum

100 855 154 897 de
178 870 301 898 more
339 856 501 898 iccirco
539 857 708 898 dimissi
743 872 834 899 non
873 865 995 909 sunt,
1037 860 1157 912 quod
1196 859 1379 914 inopum
1416 867 1459 903 et
1497 869 1733 914 aegrotan-

101 931 209 974 tium
234 932 391 975 messis
414 933 459 974 in
484 934 606 976 Vrbe
632 934 711 974 fuit
735 935 849 976 adeo
872 935 1070 989 copiosa,
1096 942 1143 976 ut
1166 937 1444 978 exercendae
1469 937 1666 978 caritatis
1690 945 1734 980 et

100 1008 427 1051 misericordiae
451 1011 493 1050 in
520 1010 709 1064 proximi
732 1024 896 1065 corpus
919 1019 963 1053 et
989 1011 1183 1053 animam
1209 1013 1472 1055 occasiones
1502 1014 1636 1068 longe
1662 1028 1731 1067 pe-

98 1085 260 1128 tendae
283 1100 371 1127 non
396 1093 564 1130 essent.
591 1088 722 1140 Quae
748 1094 837 1128 tota
868 1101 952 1139 res,
983 1088 1192 1141 quoniam
1232 1089 1314 1129 fuit
1345 1089 1574 1140 illustrior,
1603 1092 1733 1144 paulo

101 1161 282 1204 uberius
305 1178 329 1204 a
354 1177 423 1203 me
447 1162 744 1205 describetur.
772 1164 819 1204 In
851 1163 974 1206 exitu
1002 1165 1185 1206 aestatis
1221 1165 1324 1206 anni
1352 1166 1591 1208 MDLXVI
1624 1182 1730 1221 gra-

100 1238 168 1280 uis
192 1253 242 1280 ac
268 1239 517 1293 periculosa
541 1240 637 1282 lues
661 1241 827 1282 Romae
848 1241 1036 1282 familias
1060 1242 1113 1283 ad
1138 1250 1295 1295 quater
1315 1242 1432 1285 mille
1459 1244 1652 1296 peruasit
1678 1258 1731 1286 ex

98 1328 241 1368 aquae
282 1314 642 1369 putrefactione,
681 1324 729 1356 ut
762 1316 1035 1367 existimant,
1076 1332 1127 1360 ea
1164 1319 1400 1373 praecipue
1441 1328 1562 1373 parte
1601 1320 1735 1362 Urbis

97 1404 210 1444 quae
234 1391 288 1432 ab
311 1391 422 1434 aede
448 1391 614 1446 populi,
643 1406 774 1446 quam
801 1393 1042 1447 appellant,
1064 1395 1119 1436 ad
1147 1396 1402 1436 columnam
1425 1410 1565 1449 usque
1589 1397 1730 1438 Anto-

95 1466 188 1508 nini
212 1467 444 1523 pertingit,
469 1469 589 1522 quod
613 1469 778 1510 Forum
803 1470 1041 1512 columnae
1064 1471 1197 1512 hodie
1221 1471 1400 1514 dicitur.
1429 1472 1603 1514 Etenim
1630 1487 1730 1514 cum

96 1558 261 1599 magna
290 1559 432 1598 aquae
463 1545 530 1587 uis
563 1545 608 1586 in
641 1545 728 1588 ima
767 1547 957 1600 quadam
994 1548 1228 1589 hortorum
1264 1548 1445 1601 planitie
1474 1549 1728 1599 resedisset,

96 1620 306 1675 paulatim
327 1630 555 1676 corrupta,
578 1636 653 1676 per
676 1637 812 1665 uenas
837 1631 980 1666 terrae
1006 1623 1262 1666 uniuersam
1290 1625 1437 1675 Vrbis,
1465 1639 1597 1678 quam
1622 1625 1728 1676 dixi,

97 1705 266 1752 partem
294 1705 569 1752 penetrasse;
596 1707 640 1742 et
666 1707 838 1754 puteos,
866 1700 1032 1754 quique
1062 1715 1115 1743 ex
1141 1701 1193 1742 iis
1218 1701 1499 1754 hauriebant,
1535 1702 1735 1744 creditur

93 1773 316 1817 infecisse.
345 1776 475 1829 Quae
498 1775 757 1818 coniectura
783 1785 1015 1831 propterea
1039 1791 1219 1831 quoque
1238 1778 1508 1833 probabilior
1530 1778 1624 1820 uisa
1643 1786 1726 1829 est,

96 1851 215 1905 quod
243 1865 267 1893 e
295 1851 425 1893 XXV
454 1852 601 1906 operis
629 1852 682 1894 ad
715 1853 960 1907 opplendas
989 1868 1159 1908 aggere
1185 1855 1326 1898 fessas
1365 1854 1462 1897 illas
1501 1855 1726 1906 adhibitis,

96 1940 197 1968 cum
228 1942 386 1971 omnes
420 1928 621 1983 proxima
657 1937 788 1971 nocte
822 1929 866 1971 in
902 1931 1106 1972 morbum
1142 1930 1422 1982 incidissent,
1449 1940 1619 1985 septem
1646 1945 1725 1973 oc-

97 2011 200 2046 toue
233 2005 393 2046 mortui
428 2013 547 2048 sunt.
592 2005 722 2047 Prius
762 2005 901 2060 igitur
932 2021 1153 2060 quaenam
1179 2007 1355 2050 occasio
1386 2008 1550 2049 nostris
1581 2009 1728 2050 oblata

95 2079 150 2121 sit
173 2080 306 2122 huius
334 2080 579 2136 capiendae
610 2082 886 2136 prouinciae3
929 2083 1091 2125 deinde
1125 2098 1212 2137 qua
1244 2084 1429 2135 ratione,
1468 2098 1555 2138 quo
1581 2085 1727 2125 fructu

97 2156 228 2200 fuerit
251 2157 559 2200 administrata
584 2159 790 2201 narrabo.

182 2244 253 2286 45.
325 2235 595 2277 Paroecialis
631 2235 739 2277 Diui
773 2236 986 2279 Andreae
1016 2237 1148 2278 aedes
1176 2244 1243 2278 est
1274 2251 1409 2291 prope
1440 2238 1594 2278 hortos
1617 2251 1729 2290 quos

95 2310 226 2351 modo
248 2310 354 2361 dixi3
381 2324 432 2351 ac
464 2318 701 2365 propterea
734 2313 899 2353 malum
932 2314 1017 2354 hoc
1042 2313 1184 2367 prima
1218 2313 1451 2367 persensit.
1488 2314 1600 2355 Nam
1626 2327 1727 2354 cum

94 2400 312 2440 pauperes
342 2393 389 2427 ut
420 2387 658 2440 plurimum
687 2395 837 2429 essent
873 2388 948 2442 qui
984 2390 1301 2443 aegrotabant,
1339 2389 1602 2431 necessariis
1638 2391 1726 2431 fere

94 2461 293 2505 destituti
318 2462 636 2504 curationibus
662 2463 920 2506 interibant.
948 2464 1104 2506 Mul'tis
1130 2473 1277 2507 tamen
1296 2473 1391 2507 erat
1415 2465 1498 2506 uiri
1520 2466 1726 2508 honorati

97 2538 224 2580 Pauli
248 2538 407 2580 Bubali
431 2538 545 2580 ciuis
569 2539 741 2581 romani
764 2540 941 2591 domus,
969 2540 1012 2581 in
1036 2542 1193 2583 eadem
1219 2541 1424 2595 paroecia
1448 2542 1722 2597 perfugium.

95 2614 186 2657 Sed
220 2628 323 2656 cum
356 2630 408 2657 ea
440 2615 650 2657 omnibus
683 2629 773 2656 non
808 2617 1053 2667 sufficeret,
1088 2626 1132 2659 et
1164 2617 1297 2658 simul
1327 2619 1446 2671 quod
1477 2618 1639 2659 multos
1671 2632 1726 2660 ex

95 2690 236 2745 ipsius
259 2690 424 2732 familia
448 2692 632 2733 morbus
660 2691 779 2734 idem
803 2692 1042 2743 afflixerat,
1069 2707 1159 2736 rem
1194 2694 1250 2734 ad
1275 2693 1372 2735 eius
1397 2694 1629 2749 paroeciae
1653 2709 1726 2749 pa-

97 2773 291 2819 tronum,
318 2767 590 2809 cardinalem
615 2766 861 2818 Amulium,
888 2768 1065 2819 detulit,
1095 2769 1365 2824 rogauitque
1389 2778 1436 2810 ut
1461 2770 1520 2811 rei
1546 2784 1718 2825 cogno-

95 2843 287 2885 scendae
319 2857 478 2885 caussa
507 2850 680 2885 certum
711 2845 962 2898 quempiam
994 2845 1219 2886 hominem
1244 2845 1349 2887 illuc
1379 2860 1402 2887 e
1426 2846 1518 2888 suis
1542 2846 1723 2888 familia-

95 2917 218 2960 ribus
242 2918 455 2962 mitteret.
482 2921 675 2961 Domum
701 2934 883 2975 quoque
913 2921 967 2962 ad
991 2935 1073 2962 nos
1101 2921 1289 2975 ipsemet
1312 2922 1516 2972 accessit,
1545 2930 1593 2964 ut
1616 2924 1722 2964 sub—

95 2993 255 3035 sidium
291 2995 510 3037 laboranti
540 2995 583 3036 in
615 2995 953 3051 dispensatione
983 3006 1367 3039 sacramentorum
1398 3000 1595 3053 parocho
1625 2999 1720 3040 mit-
