1971 3276
269 240 338 284 588
773 239 962 275 POLANC1
989 248 1308 275 coMPLEMENTA

221 355 396 383 summa
419 340 687 396 impunitate
710 340 923 383 uidentur
946 354 1079 384 ruere
1101 340 1265 383 omnia.
1293 341 1394 383 Non
1420 340 1589 383 audent
1609 348 1756 382 tamen
1776 354 1857 396 pu-

220 418 335 460 blice
357 417 483 460 uirus
505 431 637 459 suurn
668 430 881 460 euomere
910 424 987 460 aut
1017 417 1337 460 conuenticula
1367 431 1450 459 sua
1478 416 1696 471 sacrilega
1730 417 1851 460 cele-

219 495 365 538 brare.
388 493 606 537 Claudius
624 493 805 548 Fremij,
820 495 1150 549 typographus,
1164 495 1300 536 homo
1317 493 1708 549 catholicissimus,
1725 493 1860 536 auide

220 578 427 626 expectat
450 578 655 612 correcta
677 569 950 625 exemplaria
981 577 1025 613 et
1049 570 1360 614 Confessionis
1383 578 1427 611 et
1451 570 1637 613 aliorum
1667 583 1855 626 operum

223 648 389 690 lllmae.
417 645 695 689 celsitudinis
718 653 910 697 vestrae,
936 661 1052 700 quae
1076 646 1149 689 ille
1174 647 1270 688 uult
1294 661 1469 689 summa
1492 661 1593 689 cum
1619 646 1852 702 diligentia

220 724 488 779 imprimere.
514 725 552 765 Is
571 737 692 766 nunc
711 723 845 766 etiarn
865 723 1085 778 expressit
1099 722 1306 778 gallicam
1327 723 1489 766 Illmae.
1513 724 1633 766 Cels.
1658 724 1714 767 V.
1735 724 1857 766 Con-

223 801 478 851 fessionem,
498 801 554 843 ab
573 800 796 842 aduocato
815 800 1081 855 parlamenti
1101 815 1244 856 nuper
1263 802 1507 843 admodum
1530 791 1721 852 uersam}
1744 799 1859 853 uiro,

223 885 269 919 ut
292 878 449 928 audio,
482 876 746 918 doctissimo
776 876 811 919 ⁴.
841 876 1078 919 Gurbinus
1113 891 1294 932 quoque
1329 885 1426 919 orat
1462 885 1509 919 ut
1538 891 1693 919 eorum
1723 877 1854 919 etiam

222 954 359 1009 possit
395 954 561 995 habere
595 953 784 1008 copiam.
824 954 915 996 Sed
945 954 999 995 de
1028 953 1098 996 his
1133 953 1229 997 aliis
1259 954 1371 997 meis
1402 954 1561 997 litteris
1590 953 1769 1009 copiose
1802 954 1858 995 ad

223 1032 406 1074 lllmam.
435 1031 554 1074 Cels.
584 1032 641 1074 V.
668 1030 842 1085 scripsi.

312 1119 352 1162 5.
420 1108 508 1150 Hic
532 1107 642 1149 nihil
669 1107 774 1149 noui
799 1121 920 1150 nunc
944 1108 1141 1150 auditur.
1169 1109 1390 1151 Rumores
1407 1108 1588 1162 quidem
1613 1107 1682 1149 his
1699 1107 1859 1167 diebus

225 1186 486 1228 ferebantur
509 1199 532 1226 a
557 1184 786 1226 nonnullis
809 1184 1013 1239 reginam
1033 1194 1078 1227 et
1102 1198 1255 1240 regem
1274 1184 1454 1228 Scotiae
1478 1184 1491 1203 ⁵
1516 1199 1541 1227 a
1559 1191 1859 1227 sacramenta-

222 1260 297 1303 riis
320 1270 475 1317 captos
504 1275 604 1304 esse
636 1269 680 1304 et
711 1261 755 1302 in
779 1268 902 1303 arcta
925 1261 1131 1304 custodia
1163 1261 1369 1305 detineri.
1404 1262 1495 1306 Sed
1518 1276 1615 1312 eos,
1643 1262 1858 1315 quemad-

223 1339 404 1380 modum
439 1338 765 1393 existimamus,
792 1338 852 1380 ita
882 1352 1062 1392 quoque
1094 1345 1302 1393 optamus
1334 1339 1468 1380 falsos
1497 1352 1595 1380 esse
1619 1347 1663 1380 et
1698 1352 1858 1380 uanos.

223 1417 413 1459 Caetera
436 1423 541 1457 sunt
565 1415 732 1469 quieta.

311 1493 353 1535 6.
422 1491 574 1545 Miror,
600 1491 777 1546 quoties
808 1493 948 1534 Roma
979 1491 1168 1533 ueniunt
1198 1492 1254 1533 ad
1279 1506 1347 1533 me
1377 1491 1568 1546 litterae,
1597 1492 1738 1533 multo
1761 1492 1858 1534 lae-

224 1569 336 1610 tiora
358 1568 491 1610 scribi
516 1569 571 1609 de
594 1568 771 1622 Galliis,
797 1583 900 1610 cum
924 1576 1073 1610 tamen
1092 1570 1203 1611 haec
1227 1569 1283 1610 ab
1301 1567 1376 1610 illo
1393 1568 1648 1610 scribantur
1672 1568 1748 1622 qui
1772 1569 1858 1610 Lu-

225 1647 397 1689 theciae
426 1646 569 1701 degit.
604 1647 727 1688 Bene
760 1646 906 1689 ualeat
937 1646 988 1689 P.
1021 1647 1079 1688 V.
1111 1647 1278 1688 Datum
1309 1660 1365 1688 ex
1393 1654 1541 1688 castro
1571 1660 1672 1688 meo
1704 1645 1860 1688 Heils-

225 1724 385 1777 pergk‚
413 1723 437 1763 8
463 1722 578 1778 Junii
604 1722 662 1765 A.
691 1723 747 1764 D.
780 1722 906 1775 1566.

314 1801 365 1843 R.
404 1801 453 1841 P.
482 1800 537 1841 V.
566 1799 701 1840 frater
732 1798 776 1839 in
808 1798 1009 1850 Christo,

701 1876 1003 1919 STANISLAUS
1027 1888 1316 1919 CARDINALls
1342 1888 1650 1926 VARMIENSIS,

316 1953 573 2007 Inscriptio.
599 1952 713 1995 Rdo.
743 1952 882 2004 Patri,
908 1952 1091 1994 domino
1109 1952 1273 2009 Joanni
1302 1952 1523 2007 Polanco‚
1549 1965 1706 1995 sacrae
1734 1952 1862 1994 theo·

225 2030 372 2085 logiae
400 2028 595 2080 doctori,
628 2036 672 2070 et
707 2028 946 2072 Societatis
974 2030 1083 2085 jesu
1118 2028 1402 2080 cancellario,
1439 2028 1562 2070 fratri
1603 2028 1647 2069 in
1682 2028 1865 2070 Christo

227 2106 511 2149 charissimo.

296 2267 309 2286 4
361 2267 419 2300 De
438 2266 508 2300 hac
529 2264 708 2299 versione
726 2264 866 2308 gallica
885 2263 1013 2309 operis
1032 2264 1154 2299 Hosu
1177 2264 1382 2309 Confessio
1400 2265 1501 2310 fidei
1523 2263 1738 2299 catholicae
1763 2264 1862 2298 chri-

228 2326 375 2367 stiana,
398 2324 498 2360 sicut
517 2330 557 2358 et
575 2325 623 2359 de
642 2323 727 2358 aliis
747 2322 994 2357 versionibus
1014 2328 1052 2357 et
1070 2322 1303 2359 editionibus
1319 2323 1447 2358 latinis
1464 2322 1637 2368 ejusdem
1653 2324 1792 2368 operis,
1810 2324 1864 2356 vi-

227 2384 310 2419 deri
332 2390 491 2430 possunt
511 2384 673 2419 HJPLER
693 2388 732 2417 et
749 2383 1048 2427 ZAKRZEWSK1‚
1071 2383 1269 2417 Stanislai
1289 2383 1447 2420 Hosti...
1469 2383 1669 2427 epistolae,
1688 2382 1734 2425 11,
1758 2390 1863 2426 1007—

233 2443 336 2477 1008.

298 2504 310 2521 ⁵
361 2501 420 2536 Cf.
443 2502 558 2547 epist.
579 2499 800 2546 praecend.,
822 2504 955 2535 annot.
982 2508 1035 2536 [ο.
