1971 3276
661 840 1142 894 PROOEMIUM

180 1179 494 1220 MONUMENTA
525 1177 612 1218 huc
645 1189 787 1229 usque
816 1174 861 1216 in
886 1175 1031 1217 lucem
1061 1172 1287 1229 publicam
1316 1188 1340 1216 a
1369 1173 1498 1215 nobis
1520 1172 1711 1229 prodita,

89 1267 222 1308 saepe
238 1255 444 1310 JOANNIS
470 1254 683 1295 POLANCI
706 1258 750 1294 et
773 1265 936 1293 nomen
960 1257 1186 1306 repetunt,
1212 1257 1256 1293 et
1284 1263 1397 1305 opus
1419 1249 1712 1302 annunciant,

86 1338 129 1373 et
161 1330 350 1386 gloriam
380 1344 431 1372 ac
460 1329 674 1372 virtutem
704 1329 1000 1384 proclamant.
1034 1329 1220 1371 Praeter
1249 1326 1367 1369 enim
1398 1326 1613 1369 Clzrowicz'
1642 1340 1717 1369 sex

93 1407 316 1462 praeclara
341 1406 588 1460 volumina,
615 1421 640 1449 a
671 1405 834 1460 quibus
867 1419 1024 1447 sumus
1054 1404 1271 1459 exiguum
1295 1411 1500 1446 nostrum
1524 1403 1721 1445 laborem

95 1483 262 1538 exorsi,
289 1483 418 1538 plura
439 1489 618 1525 exstant
642 1482 684 1524 in
711 1481 920 1524 omnibus
951 1482 1043 1523 fere
1074 1480 1278 1536 partibus
1304 1480 1484 1535 scripta,
1514 1479 1608 1522 sive
1640 1481 1722 1522 Po-

90 1559 206 1603 lanci
232 1573 368 1601 manu
393 1565 590 1610 exarata,
617 1558 712 1600 sive
734 1564 918 1613 accepta
941 1558 996 1599 ab
1018 1571 1087 1608 eo,
1113 1563 1267 1611 utpote
1286 1556 1360 1611 qui
1379 1570 1404 1598 a
1426 1555 1611 1598 secretis
1629 1562 1723 1599 erat

94 1635 238 1678 tribus
262 1635 416 1691 primis
439 1634 678 1679 Societatis
702 1633 1060 1677 moderatoribus
1082 1632 1319 1688 supremis.
1353 1634 1478 1688 Ipsae
1522 1632 1724 1673 Litterae

97 1712 473 1766 Quadrz'mestres
509 1718 553 1754 et
590 1711 817 1765 Epistola&
848 1710 1022 1752 Mixtae
1054 1723 1236 1751 manum
1277 1722 1493 1764 persaepe
1538 1708 1735 1751 Polanci

94 1803 292 1841 sensere,
319 1789 425 1830 dum
458 1789 514 1830 ab
539 1788 613 1829 illo
637 1788 852 1830 collectae
882 1787 936 1828 ab
964 1786 1149 1830 interitu
1179 1786 1481 1846 vindicantur,
1512 1792 1556 1827 et
1585 1795 1723 1839 quum

92 1865 318 1907 communi
342 1865 576 1907 domorum
602 1863 776 1915 solatio,
803 1862 1046 1918 exemplari
1070 1870 1334 1918 repetuntur
1358 1861 1606 1917 multiplici,
1630 1869 1721 1903 tum

91 1942 245 1984 ordine
263 1955 315 1984 ac
333 1941 566 1996 diligentia
586 1940 686 1982 usui
706 1940 977 1996 posteritatis
996 1948 1234 1982 servantur
1253 1940 1327 1992 (32
1350 1940 1378 1994 ¹,
1401 1938 1484 1992 5.⁰,
1506 1939 1573 1980 8.0
1591 1941 1718 1990 etc).

178 2019 269 2062 Sed
312 2025 494 2061 manent
530 2018 656 2073 plura
695 2017 895 2059 nondum
929 2017 1074 2067 edita,
1114 2017 1362 2058 Polancum
1399 2016 1469 2058 vel
1498 2015 1541 2056 in
1572 2015 1725 2070 primis

94 2094 357 2150 spectantia,
394 2108 584 2149 quorum
619 2093 703 2136 alia
735 2093 853 2135 illius
886 2099 993 2134 sunt
1030 2092 1270 2147 peculiaria
1296 2099 1341 2134 et
1371 2091 1500 2146 quasi
1532 2092 1719 2146 privata,

85 2171 174 2214 >alia
198 2172 252 2214 ad
279 2171 523 2226 pleniorem
543 2170 756 2213 historiae
789 2176 924 2224 atque
956 2169 1265 2211 institutorum
1296 2167 1540 2211 Societatis
1570 2167 1724 2222 cogni-

94 2248 262 2290 tionem
289 2248 428 2302 utilia‚
455 2247 602 2302 ipsum
632 2254 889 2301 agnoscunt
912 2252 1161 2287 auctorem.
1183 2247 1335 2299 Atque
1353 2246 1465 2286 haec
1484 2243 1724 2286 collectitia

93 2325 293 2379 proferre
317 2323 568 2379 cupientes,
595 2323 806 2378 quoniam
829 2322 1012 2379 nomine
1039 2336 1297 2376 «operum»,
1325 2321 1394 2363 vel
1422 2334 1717 2363 «monumen-

93 2409 267 2442 torum»
299 2400 480 2455 Polanci
502 2399 720 2454 insignire
742 2413 953 2453 aequum,
986 2406 1033 2440 ut
1057 2405 1194 2453 patet,
1221 2412 1310 2439 non
1334 2404 1445 2452 erat,
1479 2411 1530 2439 ea
1560 2395 1719 2438 malui-

95 2490 194 2518 mus
217 2489 482 2531 nuncupare
506 2476 717 2518 PoLANCI
742 2475 1124 2517 COMPLEMENTA.

184 2552 485 2595 Occasionem
510 2565 640 2607 porro
660 2550 782 2592 nacti
800 2549 1037 2605 ejusmodi,
1059 2563 1156 2592 eam
1175 2548 1448 2604 aptissimam
1468 2548 1723 2603 judicamus

91 2628 136 2669 in
165 2642 253 2682 qua
278 2627 395 2669 illius
426 2627 532 2669 clari
564 2626 661 2677 viri,
694 2627 749 2668 de
779 2625 964 2668 historia
998 2632 1150 2666 nostra
1179 2626 1291 2667 adeo
1319 2624 1481 2676 meriti,
1518 2623 1720 2665 notitiam

357 2702 369 2721 2

96 2704 323 2745 tradamus
380 2736 387 2754 ,
421 2710 556 2757 atque
585 2702 682 2756 ejus
705 2715 885 2756 operam
910 2700 954 2741 in
985 2700 1220 2743 condenda
1243 2700 1540 2754 gubernanda
1563 2698 1719 2742 Socie-

166 2826 175 2844 ¹
228 2825 388 2859 Numeri
407 2824 616 2859 crassiores
636 2827 883 2857 monumenta
897 2821 1103 2865 designant
1120 2822 1192 2856 hoc
1213 2821 1408 2856 volumine
1427 2822 1718 2866 comprehensa.

165 2885 177 2904 ²
228 2884 270 2918 Id
291 2884 553 2929 praestitimus
572 2882 681 2917 brevi
700 2880 905 2915 admodum
926 2880 1151 2926 biographia
1168 2891 1282 2925 quam
1301 2881 1338 2914 in
1359 2881 1565 2915 CHRONICI
1586 2880 1664 2914 vol.
1687 2879 1716 2922 Ι,

93 2942 168 2986 5-6,
189 2954 237 2976 ex
257 2943 441 2977 Sotwello
459 2941 757 2986 desumpsimus,
782 2939 847 2985 qui
866 2938 944 2974 fere
964 2939 1092 2973 omnia
1112 2950 1158 2972 ex
1175 2939 1483 2982 RIBADENEIRA‚
1504 2939 1721 2983 catalogus

235 3008 387 3034 POLANCJ
404 3010 660 3034 COMPLEMENTA
