1971 3276
593 208 733 242 EPIST.
761 207 907 243 128.—1
935 208 1134 252 JANUARH
1165 212 1252 252 1507
1633 211 1701 247 613

118 309 262 351 titudo
292 309 450 364 partim
481 308 773 364 optimatibus
802 322 853 350 ac
884 308 1161 364 principibus
1192 309 1298 352 uiris
1321 324 1373 352 ac
1397 311 1619 363 foeminis,
1648 327 1745 366 par-

117 385 194 427 tim
220 385 404 439 plebeiis
428 392 563 439 atque
586 384 718 426 etiam
750 384 988 426 rusticanis
1011 386 1269 428 hominibus
1299 394 1488 439 constat,
1515 387 1590 441 qui
1621 403 1644 430 a
1669 403 1746 430 no-

116 462 219 504 stris
244 462 425 503 minime
448 461 735 516 negligenter
757 460 905 503 edocti
925 461 1125 515 cultique
1149 463 1288 516 (quod
1308 463 1390 517 ipsi
1411 477 1593 517 quoque
1618 464 1748 507 facile

118 538 327 592 sentiant)
363 537 607 580 confitendi
640 551 799 579 caussa
832 550 887 578 ex
920 538 1042 591 agris
1071 552 1121 580 ac
1152 539 1424 580 suburbanis
1453 540 1507 581 ad
1533 541 1745 594 templum

120 621 322 657 nostrum
347 621 483 668 atque
506 614 746 668 collegium
773 620 893 656 recta
923 615 1211 669 confugiunt.
1250 617 1337 657 Iam
1371 630 1478 658 uero
1504 617 1746 658 multorum

118 691 250 733 saluti
275 698 526 746 opportune
550 690 803 732 consultum
835 698 902 732 est
933 705 1009 744 per
1038 692 1294 745 generalem
1327 692 1463 733 totius
1494 692 1612 735 uitae
1643 708 1745 734 con-

118 768 374 819 fessionem;
409 766 628 820 multique
657 766 936 821 grauissimis
965 781 1012 808 se
1042 768 1252 810 exoluere
1284 768 1471 822 piaculis
1501 783 1744 823 numquam

118 852 249 886 antea
274 844 356 886 rite
380 843 583 898 expiatis.

207 921 248 963 8.
317 920 564 962 Matutinae
593 919 836 961 conciones
866 933 1039 962 necnon
1067 921 1399 974 pomeridianae
1426 922 1747 975 praelectiones

116 1010 168 1039 ac
190 996 342 1038 diuina
361 996 522 1049 officia,
545 1010 660 1049 quae
680 1010 842 1050 magna
861 996 1114 1038 auditorum
1143 997 1307 1051 pietate
1331 1012 1381 1039 ac
1402 999 1650 1052 frequentia
1675 1013 1745 1041 ce-

116 1074 286 1116 lebrata
310 1080 433 1123 sunt,
460 1072 700 1127 plurimum
725 1073 858 1114 etiam
885 1072 1108 1127 profuisse
1132 1074 1394 1118 creduntur.

206 1165 251 1206 9.
315 1151 495 1192 Tertius
518 1150 629 1190 ordo
652 1158 720 1191 est
744 1163 897 1191 eorum
918 1149 994 1203 qui
1017 1149 1060 1189 in
1088 1149 1350 1203 probatione
1372 1158 1622 1192 uersantur.
1652 1153 1746 1205 Ipsa

117 1234 268 1270 autem
295 1226 498 1281 probatio
521 1225 564 1267 in
590 1225 747 1268 melius
767 1233 1054 1279 promouetur
1074 1225 1116 1266 in
1142 1226 1252 1277 dies3
1282 1234 1380 1281 post
1398 1227 1525 1268 datas
1547 1227 1745 1281 superio-

119 1318 189 1346 res
213 1317 386 1344 annuas
410 1303 579 1344 litteras
602 1302 760 1343 nouitii
785 1302 839 1343 ad
866 1303 898 1344 L
922 1310 1028 1344 sunt
1051 1302 1094 1343 in
1119 1317 1216 1344 eam
1241 1303 1440 1344 admissi:
1468 1303 1511 1344 in
1537 1304 1588 1344 iis
1612 1304 1745 1358 aliqui

117 1380 226 1422 iuris
251 1379 484 1433 utriusque
503 1379 713 1433 consulti,
738 1393 853 1420 unus
871 1378 1003 1420 etiam
1023 1379 1214 1434 insignis
1235 1380 1490 1434 theologiae
1511 1382 1746 1435 professor,

117 1456 320 1499 nonnulli
345 1455 625 1511 philosophia
663 1464 706 1497 et
735 1455 893 1498 litteris
929 1455 1271 1497 humanioribus
1311 1456 1487 1508 eruditi,
1523 1472 1576 1500 ex
1607 1457 1746 1498 omni-

118 1535 202 1575 bus
227 1535 364 1576 terme
388 1532 650 1587 prouinciis,
680 1531 861 1587 Anglia,
903 1531 1070 1583 Scotia,
1111 1532 1371 1587 Germania,
1399 1533 1558 1584 Gallia,
1586 1534 1744 1588 Hispa-

120 1611 217 1653 niae
240 1610 432 1653 diuersis
462 1609 739 1665 regionibus,
769 1617 813 1650 et
840 1609 1005 1661 Italiae3
1032 1624 1086 1652 ex
1104 1610 1156 1651 iis
1175 1611 1371 1664 quidam,
1399 1625 1499 1652 cum
1519 1612 1573 1652 de
1597 1611 1746 1654 Socie-

120 1694 212 1729 tate
237 1687 280 1728 in
306 1687 474 1741 Anglia
499 1686 804 1741 cognouisset,
833 1686 936 1728 inde
962 1694 1008 1727 ut
1032 1686 1073 1727 in
1100 1702 1196 1728 eam
1222 1687 1494 1741 reciperetur
1519 1696 1638 1729 recta
1663 1689 1745 1734 Ro,-

121 1778 237 1805 mam
263 1778 406 1817 usque
429 1763 678 1814 contendit,
708 1763 774 1804 uir
798 1762 977 1805 minime
1006 1764 1380 1815 contemnendus3
1414 1764 1611 1818 itemque
1634 1764 1747 1805 alius

118 1856 143 1884 e
175 1840 389 1884 Saxonia.
425 1839 641 1882 Nonnulli
675 1846 781 1881 sunt
814 1839 951 1880 nobili
985 1853 1153 1894 genere
1188 1829 1295 1891 nati,
1330 1855 1520 1894 quorum
1554 1854 1747 1895 magnus

117 1919 202 1958 hoc
225 1932 344 1959 anno
368 1918 523 1959 feruor
546 1916 835 1969 studiumque
855 1916 1210 1959 mortificationis
1229 1916 1449 1972 apparuit.
1473 1917 1666 1971 Quidam
1692 1930 1746 1958 ex

117 1993 170 2036 iis
209 1993 404 2049 parentis
441 1992 717 2035 interfectori
751 2007 839 2034 non
875 1994 1008 2035 modo
1042 1994 1318 2035 condonauit
1351 1993 1551 2044 iniurias,
1591 2007 1745 2035 uerum

117 2070 250 2113 etiam
275 2070 462 2125 supplex
489 2070 666 2113 ueniam
690 2069 729 2113 ei
760 2085 783 2111 a
813 2084 988 2112 summo
1011 2070 1221 2125 pontifice
1252 2070 1508 2125 postulauit,
1536 2070 1746 2111 maiorem

116 2147 160 2188 in
184 2148 364 2189 modum
388 2147 432 2188 id
455 2148 735 2201 approbante
755 2147 981 2201 pontifice:
1004 2147 1138 2200 idque
1157 2161 1212 2189 eo
1239 2146 1375 2201 pluris
1399 2146 1441 2187 in
1463 2149 1545 2187 hoc
1572 2145 1745 2186 nouitio

118 2223 183 2278 fit,
210 2224 329 2277 quod
354 2237 487 2265 manu
512 2231 743 2277 promptus
767 2231 810 2266 et
833 2236 937 2265 acer
960 2223 1001 2263 in
1028 2223 1179 2265 seculo
1206 2222 1342 2265 fuisse
1365 2222 1670 2277 cognoscitur,
1698 2230 1746 2263 ut

118 2299 303 2341 dubium
338 2313 427 2340 non
460 2299 517 2340 sit
552 2299 657 2353 quin
689 2299 743 2340 ad
774 2301 888 2340 hanc
920 2306 1086 2340 tantam
1114 2306 1300 2354 repente
1332 2298 1587 2341 facilitatem
1611 2306 1746 2352 atque

119 2375 401 2417 clementiam
447 2375 581 2417 unius
625 2375 935 2416 tantummodo
961 2358 1181 2418 xCHRISTI
1229 2375 1374 2430 gratia
1397 2374 1682 2417 descenderit
1712 2373 1743 2415 ⁶.

120 2451 251 2494 Alius
282 2466 390 2493 uero
424 2453 575 2506 legum
613 2451 800 2505 peritus,
834 2451 909 2504 qui
933 2452 1050 2505 apud
1077 2451 1346 2493 cardinalem
1377 2450 1546 2492 ordinis
1577 2450 1674 2492 eius
1701 2450 1746 2491 in

121 2528 275 2582 primis
306 2528 522 2571 illustrem
554 2527 770 2569 auditoris
801 2528 946 2569 locum
971 2541 1021 2569 ac
1041 2527 1216 2569 titulum
1241 2527 1512 2577 obtinuerat,
1540 2541 1617 2581 per
1641 2541 1743 2581 pre-

120 2617 196 2647 ces
218 2611 263 2646 et
285 2604 669 2659 importunitatem
696 2603 882 2645 extorsit
907 2611 954 2644 ut
978 2603 1060 2644 sibi
1086 2603 1237 2646 liceret
1266 2604 1488 2658 pendente
1511 2617 1564 2644 ex
1590 2603 1744 2644 hume-

120 2681 179 2721 ris
209 2695 314 2736 pera
346 2695 485 2735 panes
516 2694 594 2734 per
623 2680 787 2723 Vrbem
819 2680 874 2721 ab
904 2679 956 2720 iis
985 2679 1267 2721 emendicare
1302 2679 1596 2733 potissimum,
1628 2679 1747 2733 apud

121 2769 234 2809 quos
268 2755 408 2799 uideri
444 2763 593 2810 posset
632 2755 868 2798 maximam
903 2769 953 2796 ea
988 2768 1034 2796 re
1067 2754 1378 2809 indignitatem
1413 2754 1579 2796 subire.
1617 2753 1747 2796 Alius

191 2937 205 2957 ⁶
255 2938 343 2972 Fuit
363 2938 394 2972 is
414 2938 544 2972 Lelius
564 2937 821 2981 Sanguineus.
835 2936 895 2972 Cf.
916 2936 1269 2977 Commentariola,
1291 2949 1391 2971 anno
1411 2939 1497 2980 1566
1513 2950 1547 2973 n,
1570 2939 1626 2981 563
1645 2938 1747 2973 SAC—

121 3004 299 3040 CHmUM,
321 3002 416 3042 part.
439 2994 503 3040 ΙΙΙ,
521 2996 585 3030 lib.
608 2996 653 3039 V,
674 3008 724 3030 nn
763 2995 931 3039 1148-149.
