1971 3276
547 219 685 252 EPIST.
715 215 868 261 72.—31
892 217 1138 251 DECEMBRIS
1162 217 1246 258 156¹
1603 216 1668 259 287

11 309 23 319 ‚
86 322 213 364 foeda
237 319 373 361 libido
395 319 450 361 ab
477 319 563 359 hoc
587 316 890 372 poenitentiae
914 323 1194 358 sacramento
1214 316 1510 366 alienauerat,
1538 317 1716 359 tandem

84 387 338 440 nostrorum
376 409 510 450 opera
541 393 756 448 depositis
786 393 1071 447 exclusisque
1102 393 1172 434 uel
1203 392 1398 434 dimissis
1435 392 1714 446 concubinis,

83 489 184 517 cum
208 475 306 515 Deo
330 487 405 526 per
429 471 757 514 confessionem
784 470 827 511 in
852 469 1040 524 gratiam
1071 468 1257 511 rediere.
1286 470 1351 510 Ex
1375 469 1539 522 quibus
1562 469 1720 511 mulier

85 551 300 605 quaedam
328 562 495 591 annum
509 548 601 602 jam
627 559 676 589 12
696 547 741 587 in
762 546 970 602 pellicatu
994 546 1175 601 agebat,
1201 545 1440 600 prostituta
1458 545 1591 588 etiam
1610 545 1715 595 filia,

82 627 210 671 cuius
231 625 485 669 meretricio
507 631 698 680 quaestu
723 630 768 665 et
791 624 885 678 ipsa
904 623 1075 677 impura
1098 631 1254 677 mater,
1277 629 1320 665 et
1344 622 1381 676 ej
1392 636 1440 664 us
1459 623 1634 665 adulter
1653 622 1716 663 ui·

83 705 264 755 uebant;
291 716 392 744 cum
418 702 590 744 interea
613 714 727 742 anus
753 699 1039 742 christianam
1065 699 1275 754 pietatem
1303 699 1347 740 in
1373 706 1527 740 nostro
1551 699 1717 753 templo

81 781 252 832 edocta,
289 779 424 820 huius
462 777 527 821 rei
564 776 812 826 admonita,
855 775 1072 817 rationem
1108 774 1238 816 iniuit
1268 789 1355 830 qua
1386 775 1577 829 puellam
1609 773 1717 815 nihil

82 858 166 900 tale
187 856 493 911 suspicantem
519 855 573 897 ad
598 860 774 896 nostros
799 853 1079 908 perduceret.
1108 852 1246 894 Mittit
1270 852 1421 905 itaque
1450 852 1712 894 adolescen-

82 942 168 975 tem
197 933 332 975 filiam
366 946 481 986 quae
510 931 627 974 illam
660 945 736 986 per
766 944 890 985 spem
924 928 1213 971 uisendarum
1247 928 1536 970 ecclesiarum
1562 941 1714 970 secum

81 1010 289 1061 abducam
318 1009 466 1064 puella
490 1008 593 1049 dolo
616 1007 735 1048 bono
760 1013 907 1061 capta,
937 1019 1023 1047 una
1042 1019 1144 1046 cum
1170 1013 1311 1046 matre
1341 1004 1594 1046 concubina
1620 1011 1713 1046 tan-

80 1088 178 1130 dem
212 1086 256 1128 in
286 1093 491 1127 nostrum
523 1084 737 1139 templum
780 1082 1004 1137 peruenit,
1039 1081 1113 1123 ubi
1143 1081 1319 1122 comitis
1347 1095 1455 1123 suae
1486 1080 1635 1122 uerbis
1664 1094 1713 1121 ac

79 1163 285 1219 precibus
308 1176 520 1218 persuasa
543 1168 587 1203 et
610 1160 817 1214 impulsa,
845 1158 922 1200 uni
946 1173 1000 1201 ex
1025 1158 1190 1199 nostris
1214 1173 1266 1200 ea
1285 1158 1340 1200 de
1366 1172 1411 1199 re
1437 1156 1712 1211 praemonito

80 1241 282 1283 confessa
307 1246 374 1281 est
399 1245 524 1279 tanto
548 1236 683 1279 animi
707 1236 860 1278 dolore
884 1243 928 1277 et
951 1244 1058 1277 ante
1082 1242 1208 1277 actae
1234 1234 1352 1276 uitae
1379 1233 1482 1275 odio
1511 1247 1562 1274 ac
1592 1234 1711 1275 dete-

79 1316 282 1367 statione,
319 1322 367 1356 ut
400 1313 635 1356 confestim
670 1312 725 1354 ab
761 1311 986 1366 impudica
1018 1319 1156 1352 matre
1186 1310 1460 1362 discesserit,
1494 1316 1627 1362 atque
1656 1310 1709 1350 ad

79 1394 311 1436 honestam
336 1399 584 1432 matronam
608 1389 945 1443 demigrauerit.
976 1387 1118 1430 Cuius
1142 1388 1397 1441 exemplum
1423 1394 1563 1427 mater
1584 1399 1710 1426 secu-

79 1477 136 1520 ta,
163 1469 257 1524 ipsa
281 1482 459 1523 quoque
484 1466 616 1522 paulo
648 1473 767 1520 post,
800 1465 956 1508 relicto
986 1465 1207 1517 adultero,
1240 1462 1540 1505 honestiorem
1573 1462 1710 1503 uitam

77 1545 284 1589 instituit.
328 1546 391 1586 Ita
429 1544 583 1585 diuino
621 1549 734 1584 nutu
774 1543 941 1583 factum
972 1549 1039 1583 est
1071 1548 1119 1582 ut
1156 1538 1532 1594 quemadmodum
1570 1546 1711 1581 mater

77 1622 193 1665 filiae
217 1620 507 1676 turpitudinis
530 1633 666 1661 causa
688 1618 914 1671 extiterat,
942 1617 1003 1658 sic
1028 1617 1116 1658 tilia
1134 1615 1264 1657 matri
1285 1623 1438 1670 postea
1461 1614 1710 1656 honestatis

77 1698 331 1752 exemplum
356 1697 500 1740 fieret.

165 1786 203 1827 7.
268 1774 369 1816 Alia
393 1772 552 1815 mulier
575 1771 762 1826 egregia
787 1772 945 1825 forma,
968 1770 1046 1811 sed
1065 1770 1119 1810 ab
1145 1769 1330 1810 ineunte
1353 1775 1500 1810 aetate
1524 1768 1567 1808 in
1588 1767 1709 1807 omni

79 1850 369 1905 turpitudinis
392 1862 558 1904 genere
582 1857 775 1900 uersata,
806 1861 908 1889 cum
942 1847 997 1888 ad
1031 1845 1360 1888 confessionem
1393 1860 1416 1886 a
1442 1844 1707 1897 quibusdam

77 1926 313 1970 Societatis
345 1926 558 1968 studiosis
590 1925 785 1966 adducta
807 1930 947 1973 esset,
982 1923 1095 1964 inter
1131 1922 1438 1964 confitendum
1476 1920 1711 1974 aliquoties

78 2004 296 2047 scelerum
321 2002 610 2044 multitudine
633 2000 797 2056 pariter
815 2008 860 2041 et
884 1999 1197 2054 magnitudine
1222 1996 1475 2040 exanimata
1495 1996 1706 2042 concidit:

78 2088 120 2122 et
143 2079 319 2135 saepius
343 2080 456 2121 male
480 2079 700 2129 confessa,
729 2077 909 2118 tandem
934 2076 1173 2128 aliquando
1206 2089 1315 2116 suae
1339 2074 1496 2116 salutis
1523 2087 1706 2124 memor,

78 2156 295 2200 sinceram
319 2163 363 2200 et
386 2156 639 2198 absolutam
671 2154 809 2197 edidit
839 2152 1183 2203 confessionem,
1209 2165 1343 2205 quam
1374 2165 1475 2192 cum
1510 2149 1709 2202 aliquan-

79 2233 152 2275 diu
170 2233 261 2287 jam
288 2240 451 2274 octauo
476 2245 655 2285 quoque
677 2230 748 2271 die
772 2229 1057 2280 instituisset,
1077 2229 1132 2270 ad
1151 2241 1320 2269 sacram
1347 2226 1550 2281 synaxim
1575 2241 1598 2266 a
1623 2239 1708 2279 qua

82 2310 419 2364 praeteritorum
438 2308 710 2363 flagitiorum
731 2304 1007 2348 conscientia
1030 2305 1357 2353 deterrebatur,
1385 2302 1461 2344 uix
1483 2302 1660 2343 tandem
1685 2316 1708 2342 a

81 2387 350 2429 confessario
369 2386 558 2440 primum
577 2384 782 2438 impulsa,
804 2382 889 2423 dici
909 2396 997 2423 non
1020 2388 1164 2435 potest
1184 2388 1459 2433 quantopere
1481 2378 1612 2421 fuerit
1630 2378 1706 2418 im-

81 2470 251 2504 mutata
269 2470 311 2505 et
330 2468 541 2516 quantam
558 2459 756 2502 attulerit
779 2459 986 2500 omnibus
1005 2456 1358 2498 admirationem.
1383 2456 1551 2497 Verum
1570 2454 1706 2496 enim-

84 2553 189 2581 uero
214 2546 261 2579 ut
288 2540 378 2581 fere
402 2537 562 2578 accidit
583 2535 837 2577 huiusmodi
860 2533 1079 2582 foeminis,
1102 2548 1127 2574 a
1149 2532 1326 2573 diabolo
1350 2532 1554 2585 decepta,
1577 2532 1707 2584 paul(r

82 2622 179 2669 post
203 2616 257 2657 ad
288 2614 517 2669 pristinam
547 2612 673 2654 rediit
705 2612 824 2653 uitae
855 2609 1193 2664 turpitudinem:
1230 2622 1254 2649 e
1285 2622 1370 2661 qua
1401 2615 1547 2649 tamen
1579 2608 1707 2649 Chri-

81 2691 136 2732 sti
157 2699 269 2733 nutu
292 2699 337 2733 et
360 2691 559 2733 bonitate
582 2703 629 2731 se
653 2702 807 2729 rursus
831 2686 1094 2739 uindicauit,
1129 2699 1179 2727 ac
1208 2684 1356 2726 statim
1381 2684 1436 2725 de
1459 2698 1676 2738 capescen
1692 2710 1703 2714 <

82 2768 136 2809 da
161 2768 374 2823 religione
398 2767 544 2821 coepit
568 2766 724 2807 sedulo
748 2763 962 2818 cogitare,
989 2762 1107 2815 quod
1132 2761 1365 2802 consilium
1392 2767 1525 2814 atque
1550 2774 1706 2814 propo-

83 2843 230 2894 situm,
257 2844 375 2886 idem
404 2845 626 2884 humanae
656 2848 844 2882 naturae
877 2838 1018 2879 hostis
1050 2837 1264 2892 impedire
1299 2837 1501 2890 studens,
1536 2836 1706 2878 mulieri

83 2921 224 2961 Deum
251 2919 464 2974 precanti,
498 2932 594 2960 sese
624 2915 823 2958 horribili
854 2914 1001 2969 specie
1026 2914 1239 2965 ostendit,
1267 2913 1345 2954 sed
1365 2912 1473 2954 nihil
1499 2912 1704 2967 profecit,

82 3009 184 3036 cum
209 2995 280 3037 illa
306 2996 428 3036 fortis
451 3003 494 3037 et
517 3000 728 3035 constans
758 2992 800 3033 in
833 2991 1060 3045 proposito
1086 3004 1136 3031 ac
1161 2989 1384 3031 sententia
1409 2997 1704 3043 permaneret.
