1971 3276
260 227 331 261 622
774 225 965 261 POLANcl
994 234 1312 261 COMPLEMENTA

215 325 416 368 militatis
434 325 588 369 munia
606 340 694 368 non
716 326 849 368 modo
869 340 962 369 non
982 334 1265 382 respuentes,
1293 340 1450 370 uerum
1470 327 1605 371 etiam
1631 329 1748 371 ultro
1766 329 1850 371 sibi

215 402 477 458 suppliciter
500 403 817 458 deposcentes.
845 404 1137 458 Quamquam
1162 404 1273 446 haec
1297 403 1535 459 utriusque
1564 405 1851 449 contubernii

215 479 452 534 disciplina
482 493 648 535 magno
678 480 863 522 omnino
888 479 1028 522 nostri
1058 480 1237 535 collegii
1261 480 1413 523 labore
1435 488 1480 524 et
1503 480 1731 537 impendio
1754 496 1851 525 sus-

216 555 399 607 tinetur,
427 555 592 611 quippe
615 570 670 599 ex
700 570 754 598 eo
783 571 873 598 non
904 556 1040 599 modo
1068 555 1113 598 in
1143 556 1364 600 classibus
1393 565 1723 613 praeceptores,
1768 573 1848 601 ue-

215 647 312 675 rum
337 632 470 675 etiam
505 632 549 674 in
575 632 749 687 priuata
774 632 959 676 uiuendi
990 632 1163 676 ratione
1186 640 1230 677 et
1253 633 1540 678 institutione
1569 636 1781 678 custodes
1803 636 1850 676 il-

216 709 358 750 lorum
390 716 434 750 et
457 708 662 763 magistri
693 708 944 765 eliguntur,
978 709 1076 751 aliis
1110 709 1306 753 inuicem
1338 713 1460 763 (cum
1492 711 1706 754 ualetudo
1736 712 1851 767 prio-

216 800 311 827 rum
343 793 420 828 aut
450 780 716 841 defatigatio
747 786 958 841 postulat)
983 787 1350 830 succedentibus.
1379 788 1435 829 Et
1459 801 1530 831 res
1555 789 1852 843 proculdubio

214 876 303 903 non
328 869 417 904 tam
444 876 657 917 prospere
680 863 878 915 cederet,
904 862 990 905 nisi
1013 863 1153 906 libera
1175 863 1519 906 administrandi
1537 866 1752 909 facultate
1771 867 1852 910 So-

213 937 363 980 cietati
388 938 625 993 permissa,
650 939 894 994 collegium
920 946 1122 981 nostrum
1147 954 1228 995 pro
1251 939 1394 995 ipsius
1416 941 1714 996 amplitudine
1731 942 1851 985 labo-

215 1015 339 1056 ribus
366 1022 428 1057 tot
458 1015 685 1070 tantisque
708 1029 760 1058 ac
789 1016 1198 1072 permutationibus
1227 1017 1473 1061 sufficeret.
1508 1019 1701 1061 Multum
1731 1020 1849 1063 enim

217 1091 371 1146 utique
390 1092 433 1133 in
452 1106 506 1134 eo
529 1092 724 1147 positum
749 1100 834 1145 est,
855 1093 1119 1136 idonearum
1145 1094 1505 1149 quotiescunque
1529 1109 1643 1150 opus
1664 1103 1732 1138 est
1755 1111 1851 1152 per-

216 1183 444 1224 sonarum,
478 1177 631 1224 parata
660 1183 712 1212 ac
742 1169 883 1212 ueluti
906 1171 961 1212 ad
994 1185 1175 1212 manum
1208 1185 1308 1214 esse
1330 1171 1548 1215 subsidia.
1587 1172 1682 1215 Nec
1705 1173 1848 1215 solum

214 1260 269 1289 ex
299 1259 351 1287 ea
384 1253 510 1300 parte
546 1260 620 1300 per
654 1248 766 1290 haec
801 1246 1027 1289 domicilia
1061 1247 1279 1302 quinque,
1316 1248 1395 1291 sed
1428 1256 1663 1304 praeterea
1696 1249 1851 1291 multis

214 1336 394 1377 quoque
417 1322 677 1364 nominibus
701 1324 1096 1378 (quemadmodum
1122 1323 1230 1366 alias
1249 1323 1465 1379 scriptum
1490 1327 1577 1378 est)
1603 1340 1850 1382 magnope-

215 1413 260 1440 re
288 1399 517 1440 communi
547 1398 726 1441 utilitati
757 1399 983 1454 salutique
1006 1400 1273 1443 consulitur.
1303 1402 1469 1443 Romae
1501 1401 1637 1443 uariis
1661 1402 1706 1443 in
1731 1410 1846 1445 tem-

217 1475 313 1530 plis,
342 1490 430 1517 non
453 1475 550 1518 sine
574 1490 741 1531 magno
765 1476 947 1530 quidem
972 1476 1228 1519 auditOrum
1253 1468 1578 1529 emolumento,
1604 1479 1850 1522 christiana

214 1550 420 1592 doctrina
444 1551 647 1606 exposita
672 1560 756 1595 est.

298 1639 369 1680 24.
438 1628 503 1670 De
533 1627 691 1670 officiis
720 1628 764 1670 in
798 1642 877 1671 eos
905 1629 982 1683 qui
1009 1630 1076 1672 uel
1109 1630 1152 1671 in
1176 1644 1356 1673 carcere
1386 1631 1662 1687 detinentur,
1698 1632 1769 1675 uel
1803 1632 1846 1673 in

218 1704 554 1747 ualetudinariis
583 1704 707 1760 aegri
735 1706 1031 1758 decumbunt,
1060 1721 1147 1748 non
1178 1707 1311 1749 modo
1340 1708 1489 1762 quoad
1517 1707 1743 1763 spiritum,
1769 1709 1848 1751 sed

213 1781 348 1823 etiam
375 1781 523 1835 quoad
553 1795 732 1837 corpus,
759 1797 814 1825 ex
838 1782 891 1824 iis
921 1797 1036 1837 quae
1058 1783 1368 1838 superioribus
1398 1785 1527 1827 annis
1551 1785 1606 1828 ad
1633 1799 1712 1828 uos
1735 1785 1839 1827 scri—

215 1866 287 1913 pta
316 1866 438 1908 sunt,
463 1858 720 1902 existimare
750 1859 968 1914 poteritis.
1004 1861 1078 1903 Ad
1106 1875 1184 1903 eos
1207 1861 1282 1916 qui
1314 1861 1357 1902 in
1390 1875 1516 1904 sacra
1542 1861 1849 1916 Inquisitionis

211 1934 416 1977 custodia
443 1934 780 1992 [asseru]antur,
806 1937 874 1978 uel
895 1951 971 1991 per
996 1937 1327 1980 confessionem
1353 1938 1616 1993 expiandos,
1649 1939 1721 1982 uel
1743 1939 1847 1982 edo·

212 2011 396 2065 cendos,
430 2011 571 2053 nostri
603 2025 739 2067 saepe
773 2015 895 2064 (nam
926 2013 1035 2054 alios
1065 2014 1202 2057 credo
1227 2014 1436 2069 equidem
1466 2016 1651 2070 paucos)
1686 2016 1847 2058 summi

214 2087 440 2142 pontificis
473 2088 542 2131 uel
572 2088 889 2142 inquisitorum
920 2089 1213 2131 cardinalium
1245 2090 1387 2142 iussu,
1421 2106 1505 2133 nec
1534 2091 1578 2133 id
1611 2093 1776 2135 frustra
1800 2101 1848 2135 ut

214 2171 438 2220 putamus,
471 2165 661 2207 adhibiti
691 2174 813 2208 sunt.
849 2167 895 2208 In
921 2166 1040 2221 ipsos
1064 2175 1214 2210 autem
1241 2167 1436 2223 uinctos,
1465 2183 1640 2212 necnon
1673 2169 1717 2211 in
1743 2184 1846 2226 apo-

211 2248 363 2294 statas,
390 2242 762 2284 uestimentorum
787 2256 962 2298 caussa,
996 2243 1216 2286 adductos
1239 2245 1420 2287 monitis
1452 2258 1499 2287 ut
1522 2246 1698 2289 deserta
1722 2248 1778 2290 ab
1801 2261 1848 2289 se

211 2317 443 2372 religionis
466 2325 613 2360 castra
636 2327 908 2374 repeterent,
938 2320 1087 2363 uariae
1109 2328 1216 2362 sunt
1238 2322 1538 2365 eleemosinae
1561 2322 1846 2366 distributae.

210 2395 376 2449 Magna
408 2402 638 2449 praeterea
662 2403 729 2438 est
754 2396 873 2450 typis
897 2395 1115 2450 impressa
1140 2397 1208 2439 uis
1232 2398 1501 2452 spiritalium
1524 2398 1778 2442 libellorum
1802 2400 1845 2441 in

209 2470 452 2521 custodias,
482 2485 643 2525 pueros
673 2479 717 2514 et
742 2472 1022 2526 plebeculam
1047 2472 1304 2517 diuidenda.
1336 2474 1532 2530 Magnus
1550 2476 1605 2517 ad
1629 2477 1740 2518 haec
1763 2491 1843 2518 nu-

212 2560 361 2588 merus
391 2547 662 2589 rosariorum
693 2552 944 2603 coemptus3
978 2558 1113 2603 atque
1144 2564 1219 2604 ea,
1257 2565 1345 2604 quo
1376 2551 1591 2593 maiorem
1625 2553 1846 2606 precanti-

210 2623 293 2664 bus
323 2623 587 2678 religionem
619 2624 846 2677 afferrent,
878 2639 967 2666 non
997 2626 1141 2667 solum
1165 2626 1218 2668 iis
1242 2627 1285 2668 in
1311 2628 1581 2682 praesentia,
1607 2629 1686 2672 Sed
1711 2629 1843 2672 etiam

209 2699 417 2741 omnibus
441 2713 556 2753 quae
581 2701 766 2754 posthac
785 2700 989 2744 Societas
1014 2700 1199 2757 diuidet,
1228 2717 1431 2745 summus
1455 2703 1660 2758 pontifex
1684 2705 1729 2746 in
1748 2718 1845 2760 per-

211 2782 395 2827 petuum
421 2775 650 2818 benedixit
674 2790 777 2819 cum
802 2776 1086 2832 indulgentia
1109 2778 1153 2820 in
1184 2779 1390 2835 singulas
1413 2781 1568 2822 rosarii
1592 2781 1714 2825 uices
1737 2797 1842 2837 qua-

209 2849 417 2904 draginta
447 2852 636 2903 dierum,
669 2853 829 2895 diebus
860 2868 967 2897 uero
1002 2854 1285 2898 beatissimae
1322 2856 1493 2912 Virgini
1527 2857 1682 2911 sacris,
1724 2866 1769 2900 et
1798 2858 1842 2900 in

208 2926 568 2969 confessionibus
600 2937 904 2982 peccatorum,
939 2938 982 2973 et
1012 2930 1056 2971 in
1087 2931 1225 2974 sacris
1256 2932 1567 2976 Eucharistiae
1599 2934 1840 2988 mysteriis,

210 3002 351 3043 multo
380 3002 515 3044 etiam
545 3004 755 3059 largiore.
791 3007 956 3060 Agnus
988 3007 1072 3049 Dei
1102 3018 1347 3062 praeterea,
1380 3009 1456 3063 qui
1489 3009 1716 3061 dicuntur,
1753 3026 1841 3055 non
