1971 3276
294 262 366 297 610
804 259 994 295 Pomncr
1020 267 1335 296 coMPLEMENTA

249 361 369 404 uitiis
400 360 600 416 exceptis
629 360 705 414 qui
728 360 784 401 ad
806 360 1084 405 lauretanam
1121 357 1396 414 probationis
1425 358 1610 400 domum
1642 357 1883 401 instituen-

248 440 368 489 dam,
394 452 483 480 una
505 451 607 479 cum
633 436 828 492 ipsorum
852 436 1069 491 magistro
1088 435 1277 491 profecti
1300 435 1420 490 sunt)
1439 436 1495 477 ad
1518 435 1815 477 laborandum
1835 435 1878 475 in

251 514 383 557 uinea
413 512 595 556 Domini
623 512 971 563 contenderunt,
1011 511 1057 554 in
1085 510 1375 555 Germaniam
1400 512 1456 553 ad
1489 512 1593 562 XX;
1620 510 1665 552 in
1687 510 1879 553 Galliam

249 590 411 642 XVIII;
438 590 519 631 XII
542 588 587 630 in
611 587 880 640 Sardiniam;
907 588 1109 631 nonnulli
1132 587 1266 630 etiam
1289 587 1334 628 in
1361 586 1626 642 Hispaniam
1656 593 1701 628 et
1736 586 1781 628 in
1813 587 1882 628 In-

248 667 382 709 diam.
412 667 498 710 Per
516 665 686 708 Italiam
722 678 829 707 uero
857 664 1146 720 Siciliamque
1178 665 1277 719 plus
1305 664 1388 707 XL
1422 672 1527 706 sunt
1560 663 1804 705 distributi.
1835 664 1882 704 In

250 743 404 800 primis
428 743 552 785 fuere
578 743 626 785 P.
654 727 787 785 Mter.
809 741 982 785 Natalis
1004 749 1048 784 et
1075 743 1126 785 P.
1153 742 1373 784 Ledesma
1396 739 1410 760 ²
1435 754 1538 783 cum
1568 754 1723 783 eorum
1747 739 1879 781 comi-

251 820 371 862 tibus
403 820 460 862 ad
493 826 770 862 conuentum
804 825 1110 874 augustanum
1136 833 1160 861 a
1183 831 1359 860 summo
1390 817 1601 873 pontifice
1630 816 1770 868 missi,
1796 830 1885 870 quo

250 897 295 939 in
317 904 550 939 conuentu
570 895 775 939 maximis
797 895 842 937 in
876 895 1094 939 ecclesiae
1118 895 1367 937 catholicae
1392 895 1527 937 rebus
1549 892 1735 949 egregia
1770 892 1885 948 ipso-

252 987 349 1016 rum
374 986 509 1028 opera
530 973 655 1016 Deus
678 971 899 1014 Dominus
918 979 1071 1015 noster
1095 978 1163 1014 est
1187 985 1311 1023 usus3
1339 985 1426 1025 qua
1444 971 1500 1013 de
1523 984 1570 1012 re
1593 969 1763 1024 aliquid
1798 970 1865 1011 for

253 1058 371 1093 tasse
394 1050 450 1091 ad
473 1063 558 1091 uos
581 1048 777 1091 indidem
803 1049 1015 1104 Augusta
1037 1047 1276 1091 scribetur.
1310 1047 1442 1090 Alius
1470 1049 1576 1091 item
1600 1047 1751 1102 legato
1780 1060 1881 1101 apo-

250 1126 408 1168 stolico
427 1126 483 1168 ad
501 1126 667 1168 multos
684 1125 940 1167 lustrandos
957 1124 1248 1180 episcopatus
1266 1123 1505 1180 legationis
1523 1122 1886 1174 adiutor³,man-

251 1203 366 1246 datis
389 1216 493 1245 cum
515 1201 834 1246 secretioribus
856 1202 911 1244 ab
935 1202 1092 1246 eodem
1116 1215 1294 1244 summo
1328 1201 1541 1256 pontifice
1570 1201 1704 1242 datus
1738 1207 1822 1251 est3
1848 1199 1885 1241 is

251 1279 461 1322 comitem
480 1292 633 1322 secum
653 1292 792 1320 unum
811 1279 1013 1321 abduxit.
1042 1278 1130 1321 Alii
1150 1293 1174 1320 a
1196 1280 1246 1321 P.
1270 1279 1326 1321 Ν.
1348 1278 1549 1333 generali
1572 1276 1742 1319 dimissi
1762 1283 1883 1327 sunt,

250 1370 442 1411 quorum
463 1355 598 1398 uariis
615 1355 658 1396 in
678 1355 963 1398 dioecesibus
984 1356 1157 1397 fructus
1176 1354 1552 1410 peregrinationis
1570 1353 1775 1396 constitit
1797 1367 1884 1395 non

249 1432 457 1488 exiguus.
487 1433 534 1474 In
557 1431 610 1474 iis
635 1433 686 1474 P.
707 1433 934 1487 Josephus
957 1432 1176 1484 Blondus,
1202 1431 1364 1474 comite
1391 1445 1480 1473 uno
1506 1431 1750 1486 profectus,
1774 1429 1884 1471 mul-

252 1509 307 1551 tis
331 1508 604 1564 neapolitani
628 1508 756 1563 regni
774 1515 818 1552 et
837 1508 1072 1551 Calabriae
1095 1509 1208 1550 locis
1225 1507 1519 1562 ecclesiisque
1544 1506 1787 1558 nonnullis,
1810 1519 1883 1548 ue-

251 1585 333 1629 luti
366 1585 558 1637 Salerni,
594 1585 785 1637 Consae,
822 1585 1077 1638 Potentiae,
1115 1584 1404 1639 Consentiae,
1441 1584 1642 1627 aduentu
1675 1597 1757 1626 suo
1796 1597 1885 1624 non

252 1662 538 1706 mediocriter
556 1662 736 1717 profuit.
761 1663 808 1704 In
827 1663 986 1703 horum
1007 1676 1120 1717 quos
1138 1661 1228 1703 dixi
1252 1661 1418 1715 locum,
1446 1661 1607 1716 partim
1631 1659 1885 1703 studiorum

253 1753 428 1790 caussa,
471 1752 648 1781 necnon
687 1738 973 1781 renouandae
1012 1738 1308 1793 probationis,
1348 1738 1438 1780 huc
1477 1736 1656 1779 aliunde
1689 1735 1886 1788 euocati,

253 1816 411 1871 partim
450 1814 583 1858 etiarn
620 1814 663 1856 in
701 1814 974 1858 Societatem
1014 1814 1214 1870 admissi,
1251 1815 1463 1869 deinceps
1498 1813 1569 1857 alii
1608 1826 1884 1863 successere,

251 1900 299 1933 ut
324 1899 578 1934 nostrorum
614 1891 656 1932 in
691 1891 814 1933 Vrbe
848 1905 1079 1943 numerus,
1114 1906 1248 1945 quam
1292 1891 1417 1932 initio
1463 1890 1615 1945 posui,
1661 1903 1883 1931 summam

251 1967 434 2012 efficiat.

342 2058 382 2099 3.
450 2046 680 2086 Romanae
703 2045 864 2086 domus
888 2043 1052 2086 familia
1077 2044 1219 2086 tribus
1242 2044 1285 2086 in
1310 2043 1570 2086 vniuersum
1601 2049 1780 2085 constat
1813 2057 1882 2083 or-

252 2121 449 2166 dinibus.
485 2120 662 2163 Primus
691 2135 847 2163 eorum
878 2129 945 2163 est
975 2118 1050 2175 qui
1086 2120 1307 2175 publicam
1339 2121 1431 2164 rem
1455 2119 1694 2164 Societatis
1724 2133 1882 2174 procu·

253 2206 365 2250 rant,
395 2199 525 2241 Pater
550 2197 757 2240 uidelicet
778 2198 1003 2253 generalis
1025 2212 1128 2240 cum
1152 2197 1365 2253 legitimis
1382 2197 1664 2240 adiutoribus
1682 2210 1733 2239 ac
1758 2196 1885 2237 mini-

251 2275 367 2318 stris.
396 2275 524 2317 Alter
547 2288 701 2316 eorum
726 2274 799 2328 qui
834 2274 876 2315 in
911 2275 1079 2328 templo
1105 2274 1301 2329 forisque
1324 2274 1564 2329 peculiaria
1592 2288 1646 2316 ex
1678 2272 1886 2315 instituto

252 2365 438 2395 munera
462 2351 762 2406 professorum
785 2358 1011 2393 exercent.
1040 2350 1324 2393 Nouitiorum
1345 2351 1421 2405 qui
1440 2350 1485 2392 in
1505 2350 1768 2405 probatione
1790 2364 1885 2392 uer-

251 2435 420 2481 santur,
444 2434 511 2470 est
534 2427 707 2471 tertius:
733 2441 889 2469 omnes
912 2441 1099 2469 numero
1122 2435 1227 2469 sunt
1252 2428 1478 2482 LXXXII,
1503 2434 1549 2469 ut
1575 2426 1807 2482 apparebit
1829 2441 1884 2469 ex

250 2504 414 2548 indice.
441 2505 583 2546 Acres
603 2517 710 2546 uero
734 2503 864 2545 nobis
887 2503 1095 2545 omnibus
1118 2504 1173 2546 ad
1197 2503 1392 2545 officium
1418 2503 1775 2558 religionemque
1807 2502 1882 2544 sti-

252 2581 397 2622 mulos
419 2581 628 2622 admouet
652 2586 853 2635 spectata
878 2581 1022 2622 Patris
1052 2579 1191 2621 nostri
1229 2580 1455 2635 generalis
1479 2593 1579 2622 cum
1606 2579 1764 2634 pietas,
1792 2581 1879 2620 hu-

253 2656 434 2707 militas,
461 2656 747 2711 parsimonia,
782 2664 874 2698 tum
907 2670 1015 2699 uero
1048 2657 1103 2698 de
1136 2656 1438 2711 proximorum
1475 2657 1618 2698 salute
1648 2655 1886 2697 solicitudo

252 2745 450 2786 curaque
483 2732 738 2788 praecipua.
775 2734 970 2775 Domum
1005 2740 1049 2774 et
1082 2732 1274 2787 collegia
1308 2732 1516 2774 lustrauit
1547 2732 1658 2787 ipse,
1691 2746 1881 2786 quorum

251 2807 334 2848 sibi
359 2808 505 2850 uisum
528 2817 595 2850 est
620 2809 924 2851 confessiones
947 2809 1181 2864 generales
1204 2808 1361 2861 audiit,
1388 2808 1682 2851 concionatus
1702 2816 1769 2851 est
1788 2821 1883 2849 sae-

325 2989 338 3008 2
390 2989 449 3024 Cf.
474 2990 588 3034 epist.
614 2999 691 3034 120,
713 2996 845 3025 annot.
865 3000 901 3033 9.

324 3047 337 3066 ³
388 3048 429 3082 Ρ.
450 3048 748 3093 Christophorus
767 3048 1000 3094 Rodriguez,
1023 3048 1085 3084 Cf.
1111 3049 1465 3092 Commentariola‚
1487 3051 1557 3085 loc.
1579 3050 1659 3093 cit,
1684 3062 1720 3085 n.
1743 3049 1787 3093 53
