1971 3276
243 189 340 215 XXVI
617 172 620 176 ›
770 181 958 216 POLANCI
986 189 1300 216 COMPLEMENTA

195 296 271 324 cas
299 282 386 338 (60,
414 283 488 334 61,
513 283 570 327 65
594 285 702 335 etc.)
722 282 879 336 juvare
905 295 1035 336 posse
1058 281 1300 324 historicae
1328 281 1530 324 veritatis
1560 280 1829 331 studiosum,

197 373 285 401 non
310 367 378 402 est
400 361 487 401 hoc
511 360 609 401 loco
632 359 1018 414 exaggerandum.

287 437 418 491 Quae
441 437 495 478 de
523 435 777 477 visitatione
799 435 940 478 sicula
969 436 1054 478 sub
1078 435 1214 478 finem
1236 435 1372 490 hujus
1395 434 1535 490 partis
1559 435 1574 476 Ι
1597 441 1831 490 apparent,

199 512 415 566 singulari
437 520 544 554 sunt
567 511 783 556 historiae
805 511 973 555 siculae
998 511 1256 567 provinciae
1282 511 1476 555 utilitati.
1504 510 1589 554 Cui
1614 516 1834 565 quantum

199 589 384 631 Polanci
398 589 604 631 excursio
623 588 853 644 profuerit,
873 588 948 631 vix
966 602 1206 644 possumus
1224 589 1523 643 conjectando
1537 587 1733 642 assequi:
1755 586 1835 629 sed

197 681 253 709 ex
281 665 585 707 monumentis
614 665 688 707 hic
716 664 901 720 prolatis
931 665 1058 708 facile
1087 664 1352 720 agnoscitur
1383 664 1561 720 magnis
1590 679 1642 707 ea
1671 663 1836 706 eximia

198 741 427 797 provincia
450 742 678 784 laborasse
695 741 1053 784 difficultatibus.
1074 740 1252 784 Etenim
1271 755 1360 783 non
1382 756 1499 784 unus
1518 749 1594 783 aut
1613 741 1739 792 alter,
1758 740 1837 783 sed

198 818 299 873 plus
333 818 517 873 triginta
555 818 730 861 sodales
769 817 891 861 exire
924 834 949 861 e
987 817 1140 862 Sicilia
1179 819 1451 874 expetebant
1490 818 1636 874 (epist.
1685 830 1700 861 1
1744 818 1835 860 No-

199 896 369 938 vembr.
403 898 548 949 1575):
575 894 620 936 id
644 895 781 949 quod,
807 895 932 937 salva
949 894 1111 937 saniori
1137 894 1377 950 sententia,
1405 896 1664 937 morbosum
1683 909 1835 950 quern-

199 974 300 1015 dam
330 972 497 1014 indicat
526 979 693 1014 statum
725 972 1004 1027 provinciae.
1030 973 1147 1014 Tum
1177 970 1341 1028 ingens
1370 986 1586 1014 numerus
1610 972 1834 1014 sociorum

200 1049 363 1103 quibus
387 1056 486 1104 post
515 1049 775 1091 diuturnam
800 1048 843 1091 in
869 1049 1097 1092 Societate
1125 1048 1260 1091 vitam
1285 1056 1509 1103 postrema
1531 1056 1637 1090 vota
1667 1062 1755 1090 non
1787 1048 1834 1089 li-

199 1133 354 1168 cuerat
379 1139 657 1180 nuncupare;
684 1126 934 1168 studiorum
965 1125 1185 1168 incertum
1217 1126 1437 1181 regimem
1464 1125 1635 1168 semina
1664 1124 1831 1167 discor-

200 1202 299 1244 diae
329 1202 444 1245 inter
474 1202 679 1244 homines
706 1202 981 1245 diversarum
1013 1202 1266 1253 nationum,
1299 1217 1416 1257 quae
1445 1202 1489 1243 in
1519 1201 1746 1256 aliquibus
1782 1216 1837 1245 ex

200 1279 385 1322 edendis
409 1279 714 1321 monumentis
737 1286 936 1334 apparet;
963 1279 1138 1334 aliaque
1162 1279 1277 1323 bene
1301 1279 1440 1321 multa
1459 1293 1574 1333 quae
1598 1294 1652 1322 ex
1675 1279 1835 1321 harum

202 1356 449 1399 litterarum
468 1356 663 1398 lectione
680 1364 918 1407 eruuntur,
942 1357 1187 1398 Polancum
1206 1356 1400 1411 aliquem
1420 1355 1726 1410 requirebant.
1749 1356 1835 1398 Ne-

202 1447 289 1488 que
322 1433 472 1487 inepte
505 1433 671 1475 dixisse
697 1448 777 1474 nos
800 1433 1074 1475 arbitramur
1096 1433 1132 1475 si
1166 1433 1272 1475 huic
1306 1432 1550 1475 visitationi
1582 1447 1748 1487 magna
1782 1447 1836 1476 ex

201 1520 326 1565 parte
350 1509 467 1552 illius
492 1509 747 1564 provinciae
772 1509 1080 1552 salubritatem
1112 1509 1525 1565 adscripsissemus,
1554 1508 1835 1552 ulteriorem-

207 1601 293 1641 que
317 1586 523 1641 gloriam.

292 1665 357 1706 Ex
383 1664 700 1707 commissione
726 1664 920 1719 Borgiae
950 1679 974 1705 a
1008 1665 1204 1706 Polanco
1227 1671 1433 1707 exaratae
1457 1671 1652 1714 exstant,
1678 1663 1769 1707 sive
1793 1663 1836 1704 in

206 1741 400 1784 romanis
419 1741 610 1795 regestis
628 1741 723 1783 sive
742 1741 785 1782 in
807 1741 913 1784 Cod.
935 1742 1068 1783 PLB
1086 1741 1162 1795 (cf.
1182 1742 1329 1796 Epist.
1347 1742 1405 1783 P.
1427 1741 1596 1793 Nadal,
1615 1741 1664 1792 Il,
1686 1740 1835 1795 xviu),

203 1817 418 1873 epistolae
442 1817 624 1871 aliquot,
650 1817 827 1872 proprie
850 1819 906 1859 ad
937 1818 1147 1873 Borgiam
1179 1818 1473 1872 pertinentes3
1500 1831 1611 1871 quas
1635 1831 1716 1859 suo
1739 1817 1837 1859 loco

203 1893 436 1936 omisimus
459 1909 511 1936 eo
536 1894 656 1948 quod
679 1894 833 1949 exigui
857 1894 993 1936 studii
1018 1908 1094 1936 eas
1117 1893 1540 1938 existimaverimus,

291 1971 426 2013 Forte
444 1970 500 2012 sit
525 1970 595 2012 cui
621 1971 754 2014 bilem
788 1985 967 2013 movere
995 1970 1167 2025 possint
1197 1969 1368 2012 infinita
1400 1976 1535 2024 atque
1564 1969 1838 2024 amplissima

204 2047 443 2102 praeconia
467 2048 630 2101 quibus
659 2047 899 2090 historicae
930 2047 1104 2090 litterae
1133 2047 1407 2090 Societatem
1429 2047 1626 2089 effer-unt
1649 2046 1839 2101 ejusque

205 2124 465 2176 ministeria3
502 2125 546 2165 id
580 2126 700 2179 quod
735 2124 906 2166 notavit
946 2123 1238 2179 gravissimus
1270 2124 1407 2178 judex
1443 2126 1492 2166 Ρ.
1521 2123 1750 2165 Antonius
1784 2124 1839 2164 de

205 2201 429 2251 Cordoba,
456 2201 511 2242 ad
538 2202 783 2243 Polancum
807 2202 1026 2252 scribens,
1056 2208 1103 2243 ut
1127 2201 1172 2242 in
1197 2201 1331 2255 hujus
1355 2200 1547 2255 quadam
1571 2199 1761 2255 epistola
1783 2199 1838 2242 ad

204 2277 327 2319 illum
351 2278 454 2320 data
480 2279 630 2321 videre
653 2286 720 2319 est
744 2278 795 2320 ⁹⁰.
825 2280 993 2320 Verum
1018 2278 1123 2320 huic
1147 2277 1209 2320 rei
1235 2277 1374 2319 facilis
1397 2284 1465 2320 est
1496 2276 1740 2332 responsio,
1766 2291 1833 2319 ea-

203 2368 290 2408 que
314 2355 495 2408 duplex:
525 2354 731 2409 primum,
759 2356 874 2396 haec
898 2369 989 2396 non
1014 2354 1099 2397 nisi
1123 2355 1178 2396 ad
1203 2354 1561 2396 aedificationem
1580 2353 1837 2396 scribeban-

203 2437 274 2472 tur
300 2430 491 2473 filiorum
516 2431 756 2475 Societatis
779 2433 904 2488 Jesu3
933 2431 1085 2486 itaque
1119 2431 1175 2472 ad
1208 2430 1580 2472 inflammandum
1614 2430 1760 2473 zelum
1794 2436 1838 2472 et

202 2515 358 2561 gratos
381 2507 597 2564 inhDeum
622 2508 876 2550 reddendos
907 2508 1097 2563 animos,
1131 2521 1447 2562 quaecumque
1476 2505 1716 2550 Societatis
1745 2506 1836 2547 lau·
1863 2542 1866 2545 .

202 2583 303 2625 dem
327 2584 636 2638 conferebant,
663 2599 857 2638 aequum
881 2593 975 2627 erat
1000 2585 1180 2627 referre.
1211 2584 1385 2626 Deinde
1414 2582 1636 2636 ejusmodi
1667 2582 1836 2623 studio-

203 2673 278 2702 sae
303 2674 449 2702 rerum
475 2668 731 2702 nostrarum
757 2660 1185 2712 commendationes,
1205 2659 1487 2714 frequentius
1505 2659 1560 2701 ab
1579 2658 1838 2701 adolescen-

204 2735 324 2778 tibus
348 2738 696 2792 usurpabantur,
722 2736 797 2791 qui
822 2738 1155 2792 neophytorum
1184 2736 1359 2787 ardore,
1389 2743 1435 2778 ut
1464 2749 1546 2777 sua
1584 2735 1838 2777 tractabant

203 2825 318 2866 quae
343 2813 529 2854 fratrum
551 2827 734 2854 suorum
755 2813 1055 2856 ostendebant
1073 2812 1246 2855 merita.
1271 2813 1373 2854 Non
1393 2826 1613 2866 negamus
1633 2811 1837 2853 christia-

258 2975 287 2994 ‘·'⁰
339 2977 456 3012 Lain.
479 2977 674 3018 Monam„
701 2978 746 3020 V,
767 2976 849 3014 306.
