1971 3276
589 200 726 233 EPIST.
760 205 935 241 104.—14
964 197 1075 241 JUL11
1105 194 1195 239 1564
1596 192 1664 235 475

79 302 308 357 suppliciis
332 300 487 342 uiuum
513 300 568 342 ad
591 299 757 340 inferos
777 296 977 348 mactari,
999 310 1132 350 quam
1150 295 1186 336 si
1207 302 1370 349 posset,
1392 293 1543 334 odium
1568 291 1708 332 inimi-

79 393 236 422 corum
259 378 483 432 sanguine
511 390 601 417 non
635 375 830 429 explere.
868 373 1125 415 Conciones
1158 385 1353 420 rursum,
1389 377 1433 411 et
1463 368 1711 410 doctrinam

80 455 303 510 xpianam.
331 453 522 496 libenter
547 452 750 504 audiunt,
778 458 822 491 et
849 448 1061 490 memoria
1085 448 1465 502 complectuntur;
1498 445 1711 486 confiten-

81 540 151 573 tur
175 539 218 574 et
242 529 596 579 communicant;
619 536 748 569 orant
770 526 995 581 priuatim3
1018 536 1061 567 et
1080 526 1177 567 Deo
1197 523 1397 578 quotidie
1414 521 1592 577 publice
1611 535 1711 575 sup-

83 608 265 663 plicant3
300 606 511 660 quodque
546 603 776 659 potissime
817 602 1119 645 necessarium
1152 609 1232 651 est,
1265 599 1340 653 qui
1372 599 1441 640 uel
1472 607 1613 639 morte
1644 597 1714 639 uel

82 684 167 726 alia
191 682 350 737 quauis
383 696 524 736 poena
555 679 800 722 mulctandi
832 688 953 729 sunt,
990 679 1033 719 id
1056 678 1264 728 libenter,
1291 690 1374 717 nec
1408 675 1589 715 minima
1616 687 1710 728 pec-

81 767 284 802 catorum
312 766 355 801 et
380 766 613 800 anteactae
638 757 757 799 uitae
777 756 1022 811 penitentia
1042 755 1206 797 ferunt.

176 849 241 889 13.
310 835 446 889 Quod
476 841 698 888 superest,
733 834 787 874 ad
822 846 987 873 munus
1011 831 1298 884 officiumque
1324 843 1401 872 eos
1430 826 1715 869 examinandi

83 913 157 968 qui
181 912 320 954 sacris
343 910 506 952 initiari
526 911 707 960 debent,
731 912 813 950 hoc
833 908 876 949 id
896 907 1109 961 temporis
1127 905 1358 949 adiuncxit
1382 903 1620 947 cardinalis
1638 904 1697 945 Sa

84 991 243 1039 bellus,
272 987 496 1043 pontificis
521 986 700 1028 maximi
725 985 933 1034 vicarius,
963 992 1010 1025 ut
1037 998 1173 1025 unum
1197 998 1252 1024 ex
1279 982 1488 1024 Patribus
1519 980 1718 1023 Societa-

86 1067 141 1108 tis
165 1065 314 1107 omnia
335 1064 469 1106 Vrbis
489 1063 654 1117 templa
673 1076 825 1104 secum
848 1062 1037 1102 lustrare
1059 1059 1267 1101 uoluerit.
1291 1059 1426 1113 Quod
1450 1057 1603 1099 itidem
1624 1070 1718 1096 car-

84 1141 243 1184 dinalis
266 1140 507 1182 Farnesius
531 1138 561 1193 ⁷,
588 1138 717 1180 cuius
740 1138 782 1178 in
809 1144 1030 1192 potestate
1054 1150 1106 1178 ac
1129 1135 1298 1177 ditione
1317 1142 1421 1175 sunt
1444 1135 1611 1175 Romae
1634 1133 1719 1173 sub

86 1219 216 1261 titulo
240 1218 331 1259 diui
359 1215 588 1258 Laurentii
611 1216 654 1256 in
681 1217 875 1257 Damaso
899 1213 1148 1268 paroeciae¹
1179 1227 1268 1253 non
1292 1212 1440 1252 minus
1463 1209 1716 1264 sexaginta,

85 1294 326 1338 curauerit.
363 1294 523 1347 Neque
551 1292 620 1333 his
644 1299 886 1334 contentus
911 1290 1128 1345 pontifeX,
1156 1297 1200 1332 et
1224 1288 1474 1330 cardinales
1507 1296 1719 1341 quatuor-

86 1371 247 1421 decim,
274 1370 438 1424 aliique
462 1368 685 1411 antistites
709 1382 899 1422 quorum
930 1373 1058 1409 erant
1090 1374 1239 1421 partes
1271 1365 1425 1406 uidere
1450 1363 1718 1417 quibusnam

88 1461 320 1497 romanum
347 1445 636 1487 seminarium
670 1452 764 1486 tute
793 1443 1011 1485 committi
1043 1450 1209 1497 posset,
1236 1442 1345 1482 illud
1369 1441 1516 1489 etiam,
1542 1439 1722 1481 nemine

87 1510 397 1573 dissentiente,
431 1521 561 1564 nobis
594 1521 861 1563 tradendum
892 1526 1162 1561 statuerunt.
1189 1520 1320 1573 Quae
1350 1532 1419 1558 res
1448 1529 1720 1570 quamquam

89 1599 252 1642 infiniti
276 1599 487 1654 ponderis
522 1606 565 1640 et
600 1597 779 1648 laboris,
816 1611 1030 1652 magnum
1067 1604 1215 1638 tamen
1240 1595 1282 1636 in
1316 1608 1397 1636 nos
1426 1593 1720 1635 decurionum

91 1684 136 1719 et
175 1677 465 1719 sacerdotum
507 1689 609 1716 cum
635 1674 770 1716 uariis
800 1673 1037 1715 calumniis
1065 1672 1216 1714 odium
1247 1671 1476 1714 excitauit.
1520 1670 1610 1713 Sed
1634 1684 1722 1710 non

91 1753 237 1808 potuit
262 1752 336 1793 diu
367 1751 430 1793 sic
453 1765 665 1806 oppressa
700 1750 988 1792 contumeliis
1020 1749 1187 1793 ueritas
1216 1749 1371 1800 latere,
1403 1747 1510 1801 quin
1544 1746 1613 1787 illa
1637 1747 1739 1787 cal-'

92 1829 179 1871 lida
212 1836 255 1870 et
287 1828 550 1882 religionem
582 1827 799 1869 simulans
828 1826 1014 1877 inuidia,
1047 1841 1094 1869 se
1118 1826 1259 1880 ipsam
1281 1825 1406 1866 nullo
1439 1832 1632 1878 urgente
1652 1838 1722 1877 pa-

93 1907 324 1959 tefaceret,
352 1912 395 1948 et
419 1905 461 1945 in
489 1904 670 1959 proprio
709 1917 807 1945 sese
840 1903 1013 1958 gremio
1046 1902 1270 1957 sepeliret.
1295 1903 1409 1943 Nam
1435 1915 1535 1942 cum
1561 1900 1632 1942 isti
1660 1915 1726 1941 sa·

93 1982 297 2024 cerdotes
316 1981 533 2035 quosdam
558 1980 819 2033 elegissent,
846 1993 1014 2033 eosque
1046 1978 1244 2033 pontifici
1277 1977 1468 2019 maximo
1499 1985 1725 2030 tamquam

93 2057 319 2100 seminarii
343 2057 529 2099 idoneos
553 2057 858 2098 moderatores
880 2055 1168 2105 obtulissent,
1194 2069 1241 2096 se
1265 2054 1385 2109 ipsos
1404 2053 1725 2108 imprudenter,

94 2134 223 2176 nobis
259 2133 528 2187 tacentibus,
562 2132 872 2188 prodiderunt3
914 2132 1124 2186 quodque
1159 2130 1340 2172 minime
1374 2131 1602 2177 uolebant,
1641 2143 1729 2169 non

95 2211 227 2252 modo
249 2210 525 2260 ambitiosos,
552 2223 711 2251 uerum
735 2209 868 2250 etiam
893 2210 949 2250 ad
974 2222 1138 2249 munus
1162 2209 1281 2261 quod
1305 2207 1523 2261 optabant
1548 2220 1635 2246 non
1661 2219 1726 2247 sa-

96 2287 151 2329 tis
174 2295 302 2342 aptos
325 2287 638 2337 ostenderunt3
668 2293 715 2327 ut
750 2285 939 2340 proinde
976 2284 1135 2326 merito
1170 2285 1393 2337 repulsam
1425 2297 1526 2324 cum
1561 2281 1728 2336 insigni

96 2363 318 2406 dedecore
343 2362 500 2405 tulisse
526 2361 777 2404 uideantur.
808 2363 862 2403 Et
886 2363 998 2403 haec
1021 2361 1199 2414 quidem
1228 2362 1410 2401 Romae.

192 2452 257 2491 14.
325 2440 473 2489 Nunc,
495 2453 546 2481 ea
565 2452 680 2492 quae
704 2438 747 2479 in
774 2438 932 2480 uicinis
955 2437 1129 2492 oppidis
1149 2451 1226 2491 per
1249 2437 1429 2479 eosdem
1451 2443 1630 2477 nostrae
1648 2435 1727 2477 So-

98 2515 273 2557 cietatis
298 2515 501 2556 homines
534 2517 677 2569 Xpus.
716 2529 852 2569 agere
875 2515 1090 2569 dignatus
1113 2523 1196 2566 est,
1224 2512 1420 2555 breuiter
1450 2520 1494 2555 et
1519 2511 1730 2554 uniuerse

99 2591 494 2645 comprehendam.
525 2591 692 2646 Primo,
722 2591 797 2645 qui
828 2598 968 2632 totam
988 2589 1376 2645 quadragesimam
1407 2588 1728 2630 concionaren-

102 2675 188 2718 tur,
216 2668 404 2709 alterum
430 2667 670 2709 cardinalis
694 2667 933 2722 perusinus
957 2666 970 2685 ⁸
997 2666 1272 2718 Otriculum,
1305 2665 1494 2707 alterum
1523 2665 1728 2706 Voltura-

101 2758 193 2785 ram
217 2743 454 2785 cardinalis
477 2743 796 2786 alexandrinus
814 2743 828 2762 ⁹
854 2742 968 2784 mitti
992 2749 1282 2784 curauerunt.
1309 2741 1405 2784 Sub
1429 2741 1602 2782 initium
1624 2755 1732 2782 uero

174 2866 185 2885 ⁷
237 2865 473 2900 Alexander.

174 2925 187 2944 8
236 2925 298 2960 Cf.
320 2926 434 2970 epist.
455 2933 513 2970 75,
535 2930 665 2960 annot.
687 2924 744 2968 35.

173 2984 187 3003 ⁹
237 2984 296 3019 Cf.
319 2984 432 3029 epist.
454 2986 512 3028 67,
533 2989 663 3018 annot.
685 2983 719 3017 3.
