1971 3276
514 246 651 279 Efflsr.
672 243 823 288 72.-31
854 245 1103 280 DECEMBms
1134 246 1217 288 1561
1578 254 1646 289 299

63 357 211 392 noster
234 346 413 402 quidam
439 345 494 387 de
520 352 664 387 morte
687 351 822 398 atque
846 344 998 387 inferis
1028 343 1345 387 uehementius
1375 345 1497 398 loqui
1526 344 1689 398 coepit,

64 440 149 481 qua
172 424 232 466 illi
261 422 464 465 oratione
496 420 695 464 deterriti
730 420 806 462 uix
840 421 1019 462 tandem
1054 420 1209 461 ludum
1245 420 1536 474 reliquerunt.
1565 422 1694 463 Vnus

64 511 209 545 tamen
243 499 319 553 qui
354 498 577 553 quandam
613 497 829 552 pecuniae
863 511 1081 539 summam
1117 496 1355 550 amisisset,
1377 504 1540 538 sortem
1568 511 1693 539 suam

63 590 294 626 accusans,
322 589 414 616 non
440 573 562 629 prius
585 588 633 616 se
658 587 712 614 ex
736 574 840 615 ludo
866 573 1169 616 discessurum
1194 574 1423 627 professus
1446 580 1530 624 est,
1559 587 1692 626 quam

64 652 243 709 pallium
280 651 400 705 quod
434 649 706 704 perdiderat,
733 657 1034 704 recuperaret3
1064 657 1156 690 tum
1193 657 1346 692 noster
1380 650 1578 704 pallium,
1606 664 1694 703 quo

25 710 31 714 ⁷
62 730 154 785 ipse
176 728 466 777 induebatur,
493 726 553 767 illi
579 726 758 778 obtulit,
788 726 1013 767 affirmans
1036 741 1084 768 se
1110 733 1313 780 paratum
1337 725 1470 767 etiam
1494 726 1549 767 ad
1572 725 1690 768 inte-

60 806 219 848 riorem
246 811 418 846 uestem
444 802 744 853 tribuendam,
771 803 903 844 modo
927 802 1152 845 desineret
1183 802 1381 844 diuinam
1409 802 1690 845 Maiestatem

61 880 305 924 maledictis
324 880 568 922 incessere.
596 880 699 933 Qua
723 893 770 920 re
789 880 901 922 adeo
921 879 1019 920 illos
1044 878 1304 932 commouit,
1332 886 1376 920 ut
1397 879 1502 920 folia
1521 879 1693 922 abiece-

64 958 162 1010 rint,
187 965 231 1000 et
254 971 302 999 se
325 970 381 998 ne
401 955 628 997 minimam
650 955 830 1009 quidem
851 955 1067 1009 temporis
1086 955 1303 997 iacturam
1324 955 1536 1011 deinceps
1557 956 1601 995 in
1626 955 1694 997 his

61 1034 176 1077 ludis
199 1035 412 1083 facturos,
440 1033 521 1075 sed
545 1032 588 1074 in
612 1032 708 1073 aliis
732 1031 1069 1074 honestioribus
1091 1039 1136 1073 et
1161 1031 1414 1073 utilioribus
1437 1031 1692 1086 occupatio-

67 1111 197 1153 nibus
221 1123 400 1164 operam
425 1109 728 1150 collocaturos
751 1107 1018 1162 reciperent.

152 1198 221 1228 22.
290 1186 407 1228 Cum
430 1184 539 1226 alias
571 1185 739 1227 flumen
764 1183 968 1226 traiicere
1003 1184 1192 1236 uellent,
1229 1197 1312 1225 nec
1336 1184 1551 1226 haberent
1578 1186 1694 1227 unde

68 1263 250 1304 naulum
274 1262 519 1311 soluerent,
545 1261 701 1302 doctor
731 1260 910 1314 quidam
936 1260 1010 1315 qui
1043 1274 1160 1314 equo
1190 1274 1364 1302 amnem
1389 1260 1474 1301 iam
1502 1261 1690 1303 transie-

66 1346 152 1393 rat,
178 1338 327 1393 inopia
350 1345 608 1379 nostrorum
633 1337 883 1391 intellecta,
918 1351 1084 1390 equum
1108 1351 1239 1378 suum
1271 1336 1463 1388 remisit,
1489 1351 1579 1391 quo
1613 1337 1694 1393 ipsi

63 1415 195 1457 etiam
224 1413 479 1456 transirent.
508 1413 661 1456 Nostri
685 1420 734 1455 ut
762 1413 1031 1456 beneficium
1064 1414 1344 1454 foeneratum
1378 1414 1691 1468 rependerent,

61 1506 163 1534 cum
188 1491 262 1533 illo
288 1491 345 1533 de
369 1491 503 1535 rebus
526 1490 691 1532 diuinis
714 1499 758 1533 et
781 1491 1039 1534 christianis
1058 1492 1301 1533 uirtutibus
1320 1492 1513 1546 colloqui
1537 1506 1694 1547 coepe-

61 1575 181 1610 runt.
211 1569 251 1609 Is
277 1581 386 1609 uero
411 1566 630 1608 eiusmodi
655 1567 892 1621 colloquiis
924 1576 1215 1622 prouocatus,
1243 1583 1357 1622 quae
1380 1568 1528 1610 animo
1552 1568 1694 1610 inclu-

61 1658 109 1687 sa
130 1645 355 1699 gestabat,
384 1643 574 1698 aperuit,
599 1651 642 1686 et
666 1657 891 1685 summum
917 1644 1173 1698 pontificem
1193 1652 1457 1699 ceterosque
1479 1645 1695 1687 ecclesiae

61 1720 288 1762 ministros
312 1719 438 1775 quasi
463 1718 666 1762 censoria
697 1719 824 1774 uirga
856 1721 1055 1763 notabat.
1092 1720 1211 1763 Huic
1242 1721 1301 1762 ita
1331 1721 1472 1763 nostri
1504 1735 1691 1776 respon-

62 1796 242 1847 debant,
271 1804 318 1838 ut
343 1811 430 1837 non
456 1796 601 1837 solum
626 1795 723 1837 illos
749 1796 1031 1838 turbulentos
1049 1797 1184 1838 animi
1203 1788 1352 1839 motus
1370 1798 1596 1851 sedarent,
1621 1811 1694 1840 ue-

63 1887 158 1915 rum
183 1872 314 1916 etiam
341 1871 570 1926 quomodo
595 1872 650 1914 de
681 1871 851 1913 Christi
884 1872 1051 1914 uicario
1074 1879 1118 1915 et
1148 1873 1370 1928 episcopis
1399 1874 1690 1928 loquendum,

62 1957 107 1992 et
129 1963 262 2003 quam
292 1948 593 2003 periculosum
629 1956 673 1991 et
706 1947 943 2004 indignum
978 1948 1034 1990 sit
1063 1949 1257 1992 christos
1288 1950 1455 1992 domini
1489 1958 1693 2005 tangere,

64 2026 410 2080 qualescumque
434 2024 494 2065 illi
515 2024 618 2077 sint,
641 2031 794 2079 aperte
812 2025 1046 2068 docerent.
1068 2025 1188 2067 Idem
1209 2027 1301 2068 fere
1325 2026 1489 2068 accidit
1514 2026 1693 2068 cuidam

63 2101 203 2155 alteri,
229 2100 303 2155 qui
324 2099 472 2154 aliqua
490 2108 610 2143 sorte
629 2102 867 2144 haereseos
886 2101 985 2142 labe
1004 2101 1214 2153 infectus,
1239 2115 1340 2144 cum
1362 2104 1476 2144 male
1494 2103 1548 2145 de
1567 2118 1694 2157 prae-

63 2177 162 2219 latis
186 2175 412 2220 Ecclesiae
436 2177 621 2220 sentiret
644 2183 780 2231 atque
804 2177 1078 2231 loqueretur,
1105 2193 1129 2219 a
1154 2178 1318 2220 nostris
1342 2179 1518 2228 doctus,
1547 2178 1695 2220 animo

66 2262 220 2309 pacato
245 2262 289 2297 et
314 2255 466 2310 quieto
489 2254 710 2296 discessit.

155 2342 226 2384 23.
300 2332 347 2372 [n
371 2329 664 2373 xenodochiis
693 2338 737 2373 et
761 2317 1022 2372 diuersoriis
1056 2330 1255 2384 quandiu
1279 2332 1691 2385 commorabantur,

65 2420 89 2448 a
116 2407 433 2458 mordacitate,
466 2406 796 2457 obscaenitate,
834 2406 1009 2460 Deique
1042 2414 1086 2448 et
1116 2413 1374 2448 sanctorum
1405 2407 1696 2449 accusatione

65 2482 266 2526 homines
290 2483 592 2534 deterrebant,
619 2481 793 2536 illisque
817 2489 966 2525 rectae
990 2490 1033 2525 et
1057 2483 1326 2525 christianae
1363 2483 1480 2524 uitae
1514 2498 1693 2538 praece·

26 2617 28 2619 Ι
66 2566 136 2612 pta
161 2559 410 2602 tradebant.
434 2560 594 2613 Neque
620 2571 726 2600 uero
747 2559 817 2601 uel
837 2559 1148 2600 sacerdotibus
1171 2566 1214 2601 et
1232 2559 1452 2613 parochis,
1474 2560 1545 2602 uel
1570 2560 1688 2601 ludi—

67 2634 302 2689 magistris,
327 2649 438 2690 quos
467 2634 511 2676 in
544 2634 672 2689 pagis
703 2641 748 2676 et
771 2634 945 2689 oppidis
978 2634 1284 2689 reperiebant,
1317 2635 1500 2677 omnino
1531 2636 1691 2678 defue-

68 2716 170 2751 runt
192 2711 432 2764 quominus
456 2724 533 2753 eos
556 2709 691 2753 etiam
715 2710 849 2752 officii
873 2710 942 2752 sui
965 2712 1418 2753 commonefacerent.

125 2796 194 2838 24.
263 2786 603 2841 Disputationes
642 2793 746 2829 ante
776 2786 1029 2828 studiorum
1061 2785 1448 2838 instaurationem,
1480 2788 1535 2830 de
1573 2801 1697 2831 more

68 2858 314 2914 institutae,
340 2863 455 2904 bene
477 2876 529 2903 ac
553 2861 770 2905 foeliciter
794 2869 1131 2905 successerunt.
1159 2862 1309 2903 Nostri
1333 2862 1568 2918 siquidem,
1607 2871 1695 2906 tam

69 2936 296 2988 praesides
320 2952 453 2992 quam
478 2945 853 2993 propugnatoreS,
873 2951 1077 2992 acumen,
1098 2938 1410 2993 eruditionem,
1432 2940 1694 2984 modestiam

69 3009 113 3052 in
136 3014 452 3067 respondendo
480 3020 650 3055 tantam
689 3028 794 3068 prae
824 3028 873 3056 se
903 3014 1117 3066 tulerunt,
1149 3021 1196 3055 ut
1229 3014 1437 3057 omnibus
1460 3015 1697 3058 satisfieret
