1971 3276
564 198 703 234 EPIST.
728 197 880 241 74——31
907 199 1147 233 DECEMssms
1169 201 1255 243 1562
1614 199 1681 244 327

98 299 278 353 quando
302 312 391 339 non
416 298 601 352 possint,
625 298 779 339 statim
805 298 1091 349 afflictentur,
1117 307 1334 353 orentque
1360 301 1649 342 uehementer
1672 315 1729 342 ne

97 391 123 418 a
140 375 270 417 nobis
299 375 579 425 deserantur,
601 390 626 417 a
645 375 809 428 quibus
828 374 970 416 iuuari
991 389 1038 417 se
1064 389 1151 416 non
1177 390 1330 429 parum
1356 376 1399 416 in
1420 375 1487 417 his
1505 375 1728 418 exercitiis

99 452 313 494 sentiunt.
358 452 452 493 Etsi
488 452 625 494 multa
663 452 707 493 in
747 453 830 493 hoc
868 465 1036 506 genere
1081 452 1234 493 referri
1274 459 1460 506 possunt
1499 452 1728 493 charitatis

98 529 300 582 exempla
324 527 366 568 in
393 528 615 570 eiusmodi
642 528 847 570 homines
870 543 893 569 a
918 528 1081 570 nostris
1112 529 1323 571 fratribus
1346 528 1562 580 exhibita,
1590 542 1726 570 vnum

99 604 207 646 illud
231 618 284 646 ex
310 618 399 658 quo
423 604 677 647 coniectare
699 604 712 629 f
729 605 899 658 reliqua
923 604 1069 660 liceat,
1095 606 1331 649 enarrabo,

192 693 257 736 19.
325 682 439 723 Cum
461 688 584 735 pater
604 681 783 735 quidam
804 681 991 724 familias
1015 689 1206 735 quatuor
1224 696 1459 725 aureorum
1486 682 1620 733 milia,
1642 684 1728 724 hoc

98 764 181 811 est,
210 758 448 800 facultates
476 771 581 799 suas
607 772 762 800 omnes
792 757 906 800 forte
936 758 1177 812 amisisset,
1204 760 1288 800 hoc
1317 758 1449 802 etiarn
1479 759 1539 800 illi
1563 760 1617 800 ad
1641 774 1723 801 au-

99 833 299 889 gendum
337 834 535 875 dolorem
568 834 772 885 accessit,
805 842 853 876 ut
888 835 931 875 in
961 849 1203 887 carcerem,
1237 836 1355 889 quod
1389 836 1607 879 soluendo
1637 850 1725 877 non

97 918 233 960 esset,
260 925 284 951 a
308 910 604 952 creditoribus
628 911 939 954 coniiceretur.
975 911 1154 965 Quibus
1177 912 1310 954 rebus
1334 911 1376 953 in
1401 926 1497 954 eam
1528 912 1657 954 miser
1682 920 1726 955 et

100 985 220 1028 uitae
250 994 293 1028 et
324 985 481 1028 salutis
517 987 874 1042 desperationem
908 995 1113 1043 uenerat,
1149 996 1195 1029 ut
1224 1003 1357 1043 saepe
1393 990 1571 1030 futurus
1606 990 1726 1031 haud

98 1062 234 1104 dubie
266 1066 336 1115 (eo
365 1070 460 1105 erat
484 1063 619 1105 animi
651 1064 814 1119 furore)
843 1064 910 1105 sui
942 1064 1163 1106 homicida
1198 1065 1368 1118 fuisset,
1394 1065 1480 1107 nisi
1507 1065 1724 1108 insaniam

98 1139 290 1181 hominis
313 1139 634 1194 repressissent
657 1140 731 1194 qui
756 1154 858 1182 cum
877 1140 951 1182 illo
975 1142 1185 1196 agebant.
1215 1142 1562 1197 Aggrediuntur
1586 1143 1723 1183 nostri

98 1215 343 1270 hominem,
370 1217 424 1258 ad
456 1217 784 1260 confessionem
816 1219 1066 1268 hortantur,
1093 1219 1170 1261 sed
1197 1219 1376 1260 frustra:
1403 1219 1558 1261 iubent
1581 1232 1724 1273 aequo

98 1305 195 1335 esse
219 1292 383 1344 animo;
410 1293 543 1335 etiam
575 1293 754 1344 frustra,
781 1307 883 1335 cum
906 1294 979 1336 ille
1008 1294 1116 1335 nihil
1140 1294 1259 1336 aliud
1288 1294 1528 1337 identidem
1554 1302 1722 1350 repete—

96 1376 178 1419 ret,
202 1383 333 1423 quam
356 1376 525 1411 tantam
550 1369 612 1411 rei
638 1370 863 1413 familiaris
881 1371 1112 1413 iacturam.
1142 1372 1309 1413 Verum
1329 1371 1444 1414 inter
1467 1372 1722 1426 colloquen—

97 1444 203 1486 dum
228 1447 312 1487 hoc
336 1445 397 1486 illi
422 1446 535 1488 forte
560 1448 746 1490 uerbum
775 1447 955 1502 excidit,
983 1447 1134 1489 nescio
1158 1462 1213 1489 an
1244 1448 1462 1499 uolenter,
1489 1462 1653 1503 cupere
1676 1462 1724 1490 se

95 1528 280 1575 peccata
313 1522 531 1564 confiteri.
565 1524 628 1564 Ea
652 1531 783 1566 nocte
806 1525 1011 1574 daemon,
1039 1523 1110 1565 cui
1139 1524 1284 1566 omnis
1306 1525 1420 1567 bene
1451 1524 1633 1568 uiuendi
1657 1539 1721 1567 ra-

95 1596 156 1639 tio
175 1605 242 1640 est
266 1598 460 1647 inimica,
484 1605 605 1641 tanta
629 1599 753 1641 illum
777 1600 819 1641 in
845 1587 1173 1643 confessionem
1196 1600 1379 1651 inuidia,
1408 1608 1530 1643 tanto
1552 1601 1596 1643 in
1615 1615 1721 1643 con-

98 1674 302 1717 fessionis
321 1688 549 1717 suasorem
568 1675 670 1717 odio
694 1675 1002 1724 inflammauit,
1026 1685 1072 1718 ut
1094 1677 1179 1719 iarn
1203 1691 1355 1719 secum
1375 1677 1523 1719 animo
1544 1678 1722 1720 statuis·
1763 1690 1766 1693 '

91 1758 174 1803 set,
202 1750 278 1792 ubi
296 1751 487 1806 primum
514 1751 678 1794 rediret
697 1753 831 1794 frater
854 1753 889 1794 is
912 1753 988 1806 qui
1010 1760 1138 1795 autor
1161 1753 1221 1794 illi
1243 1753 1340 1795 eius
1363 1753 1534 1795 consilii
1559 1756 1716 1808 fuerat,

91 1828 147 1868 ab
176 1841 230 1869 eo
256 1827 466 1880 calcibus,
493 1828 674 1883 pugnis,
709 1829 1008 1883 omnibusque
1037 1830 1318 1872 contumeliis
1348 1830 1592 1873 uindictam
1625 1831 1717 1874 exi-

92 1917 216 1958 gere.
237 1904 353 1946 Cum
373 1918 481 1947 uero
505 1905 640 1946 frater
665 1905 875 1957 postridie
897 1906 993 1947 eius
1018 1906 1103 1949 diei
1128 1920 1229 1948 cum
1256 1908 1389 1949 Patre
1411 1908 1621 1961 quodam,
1642 1908 1718 1961 qui

91 1980 209 2023 illius
237 1980 566 2023 confessionem
597 1981 787 2029 audiret,
814 1983 869 2024 ad
892 1983 1119 2026 hominem
1150 1983 1329 2035 rediret,
1356 1983 1416 2026 ita
1446 1984 1514 2026 uis
1538 1984 1597 2026 illi
1620 1985 1716 2026 bra-

90 2059 295 2102 chiorum
328 2060 470 2102 fracta
498 2066 580 2110 est,
613 2066 662 2101 ut
693 2074 781 2101 non
812 2060 953 2101 solum
985 2061 1041 2101 ad
1071 2060 1314 2114 cogitatam
1345 2060 1604 2116 uindictam,
1639 2062 1718 2104 sed

92 2150 173 2178 nec
191 2137 247 2178 ad
274 2137 406 2179 ullam
431 2135 613 2178 omnino
639 2136 759 2179 uitae
784 2136 1059 2179 functionem
1084 2136 1148 2178 uti
1172 2136 1256 2178 illis
1280 2144 1447 2192 posset3
1474 2137 1533 2179 ita
1562 2137 1718 2193 lingua

93 2226 309 2267 repressa,
342 2219 390 2254 ut
419 2212 568 2256 dicere
592 2212 701 2254 nihil
725 2212 846 2254 aliud
875 2213 1063 2267 ualeret,
1096 2227 1228 2267 quam
1260 2214 1380 2267 quod
1408 2213 1607 2255 omnium
1638 2213 1717 2255 mi-

92 2288 210 2332 nime
240 2290 435 2332 uolebat:
469 2304 633 2344 cupere
656 2304 704 2332 se
735 2289 938 2331 confiteri
961 2289 1156 2344 quidem,
1189 2291 1267 2332 sed
1297 2290 1493 2331 nondum
1524 2304 1622 2331 esse
1654 2298 1716 2332 ta-

92 2379 193 2406 men
213 2366 269 2407 ad
287 2380 384 2408 eam
406 2380 496 2408 rem
524 2373 747 2420 paratum.
775 2366 816 2408 A
840 2380 928 2419 quo
951 2380 1053 2408 curn
1077 2366 1216 2408 nostri
1235 2366 1544 2417 abscederent,
1570 2366 1718 2422 coepit

92 2441 164 2485 ille
182 2456 338 2484 rursus
360 2456 511 2485 secum
537 2442 710 2497 luctari,
738 2443 985 2497 eademque
1002 2442 1136 2484 animi
1155 2442 1431 2497 cogitatione
1449 2442 1492 2484 in
1513 2450 1712 2484 nostrum

92 2518 271 2560 fratrem
292 2518 400 2573 rapi;
421 2517 505 2560 iarn
527 2525 620 2560 tum
640 2518 723 2560 sibi
741 2519 885 2573 magis
903 2519 1121 2570 inimicus,
1141 2519 1260 2572 quod
1278 2518 1338 2559 illi
1357 2533 1488 2572 quem
1509 2534 1715 2573 praesen—

93 2601 180 2636 tem
203 2596 438 2650 habuerat,
461 2594 745 2650 pepercisset,
767 2609 913 2649 neque
931 2596 1064 2637 ullam
1088 2595 1142 2637 de
1165 2609 1218 2638 eo
1242 2594 1484 2636 uindictam
1503 2596 1715 2650 sumpsis-

92 2677 175 2714 set.
207 2671 255 2712 In
285 2684 374 2725 qua
408 2670 543 2713 animi
579 2671 897 2715 colluctatione
933 2678 1022 2714 tres
1050 2671 1146 2714 dies
1174 2685 1225 2713 ac
1255 2678 1409 2713 noctes
1440 2671 1624 2714 totidem
1655 2672 1716 2715 ita

92 2753 298 2789 uersatus
330 2754 397 2789 est
430 2746 579 2799 miser,
616 2755 666 2789 ut
698 2748 868 2789 nullum
904 2747 1041 2801 quieti
1074 2747 1219 2788 locum
1260 2747 1430 2802 uspiam
1473 2748 1711 2793 inueniret.

92 2822 208 2864 Cum
237 2822 388 2877 itaque
416 2837 468 2865 ea
497 2837 567 2865 res
596 2837 725 2878 opem
756 2823 954 2865 diuinam
989 2823 1180 2865 maxime
1209 2823 1434 2878 postulare
1470 2824 1711 2877 uideretur,

163 2986 176 3011 s
221 2986 428 3020 coniectari
449 2998 518 3022 ms.
