1971 3276
299 246 368 289 438
798 243 987 278 POLANCI
1015 249 1333 277 COMPLEMENTA

238 362 325 390 me.
365 348 458 389 Pax
495 346 597 401 Xpi.
638 353 681 388 et
716 344 866 386 omnia
900 342 1091 386 foelicia.
1122 340 1346 398 Quamuis
1374 340 1595 395 exiguum
1619 347 1796 394 tempus
1825 339 1880 380 ad

239 424 526 467 scribendum
563 421 839 465 concesserit
870 421 999 462 nobis
1032 419 1243 461 dominus
1274 417 1502 471 Georgius
1535 415 1735 458 Licinius
1767 422 1800 466 ³,
1835 421 1878 457 et

239 501 419 555 quidem
444 500 558 542 inter
580 498 726 540 varias
748 496 1071 551 occupationes
1103 495 1227 545 alias,
1260 508 1351 536 non
1386 492 1756 534 committendum
1788 490 1879 534 exi-

238 578 418 620 stimaui
441 584 487 618 vt
511 577 606 619 sine
631 576 756 626 meis,
777 588 828 616 ac
846 573 980 615 etiam
1002 571 1161 616 litteris
1186 572 1240 613 D.
1263 569 1452 627 Joannis
1471 570 1502 619 ²,
1526 568 1720 610 nuncius
1736 566 1876 610 disce·

239 654 378 696 deret.
407 653 593 696 Decima
617 652 688 694 die
714 649 976 693 Decembris
1005 648 1223 691 Tridento
1253 646 1457 701 profecti,
1490 644 1757 687 duodecima
1787 645 1876 686 Fe-

240 730 404 772 bruarii
431 731 619 771 Romam
646 727 951 783 peruenimuS.
979 725 1129 767 Huius
1162 737 1312 766 morae
1341 737 1475 765 causa
1508 722 1605 773 fuit,
1636 728 1730 762 tum
1759 720 1879 774 quod

240 822 315 862 per
338 806 526 861 collegia
551 814 730 848 nostrae
754 802 993 847 Societatis
1016 803 1156 843 multa
1185 800 1268 842 fuit
1301 799 1644 853 transeundum,
1669 806 1714 840 et
1746 797 1791 838 in
1815 796 1880 840 eis

239 883 509 937 aliquamdiu
535 883 820 933 manendum,
845 893 947 921 cum
972 878 1234 933 praesertim
1261 875 1482 919 Natalicia
1505 883 1548 917 et
1567 874 1652 918 alia
1673 877 1788 917 festa
1814 874 1877 915 in-

239 960 450 1012 uitarent,
478 968 521 1000 et
547 960 809 1014 populorum
829 958 1012 1001 deuotio
1034 958 1124 1000 fere
1143 955 1397 1008 importuna
1416 960 1616 1006 cogeret,
1643 961 1735 993 tum
1758 951 1879 1006 quod

239 1037 446 1079 assiduae
476 1037 670 1092 pluuiae,
703 1044 746 1078 et
779 1035 924 1078 Patris
958 1034 1096 1077 nostri
1121 1029 1360 1088 praepositi
1390 1030 1602 1072 valetudo
1632 1029 1740 1071 satis
1764 1027 1877 1071 affli-

238 1126 324 1167 cta,
360 1115 524 1155 Romae
558 1121 705 1156 tamen
737 1113 919 1167 grauior
954 1119 997 1154 et
1027 1109 1318 1166 periculosior
1349 1109 1526 1157 effecta,
1564 1121 1645 1148 nos
1681 1105 1876 1147 retarda—

241 1197 358 1232 runt.

329 1279 369 1308 2.
439 1266 617 1309 Interim
643 1266 852 1307 dominus
870 1268 1070 1322 Joannes
1094 1279 1183 1306 non
1208 1263 1493 1306 mediocriter
1523 1263 1565 1303 in
1592 1260 1748 1316 spiritu
1781 1274 1878 1315 pro—

242 1344 362 1396 fecit,
389 1352 433 1386 et
456 1352 550 1384 tum
577 1344 866 1385 familiaribus
891 1341 1141 1396 colloquiis,
1167 1348 1210 1383 et
1239 1340 1455 1395 exemplis
1484 1347 1756 1389 nostrorum,
1784 1345 1877 1379 tum

240 1421 462 1474 frequenti
496 1435 577 1462 vsu
612 1420 908 1462 confessionis
943 1434 994 1461 ac
1028 1417 1373 1469 communionis,
1406 1430 1551 1458 mores
1580 1429 1686 1456 suos
1715 1414 1759 1455 in
1783 1413 1878 1457 dies

241 1497 384 1552 magis
407 1511 458 1539 ac
483 1497 629 1552 magis
653 1497 919 1551 composuit.
943 1495 1074 1537 Initio
1094 1493 1464 1548 quadragesimae
1489 1492 1531 1533 in
1560 1491 1753 1546 collegio
1776 1505 1874 1545 ger-

241 1574 415 1615 manico
439 1573 733 1627 constitutus,
755 1582 798 1615 et
820 1575 933 1616 lecto
959 1573 1183 1625 rebusque
1202 1570 1298 1612 aliis
1317 1569 1583 1612 necessariis
1607 1569 1873 1619 instructus,

240 1650 302 1691 sic
327 1650 472 1704 coepit
506 1649 666 1691 studiis
696 1650 942 1691 litterarum
968 1649 1073 1690 dare
1103 1647 1263 1690 seriam
1287 1661 1484 1702 operam,
1510 1654 1554 1687 vt
1587 1644 1763 1687 interim
1795 1658 1875 1699 pro
1899 1670 1901 1672 -

240 1740 361 1767 more
385 1725 571 1766 aliorum
604 1726 940 1768 adolescentum
965 1725 1286 1778 ingenuorum,
1314 1723 1389 1778 qui
1423 1723 1583 1766 eodem
1609 1722 1653 1763 in
1685 1720 1875 1776 collegio

237 1810 486 1855 versantur,
509 1802 788 1844 orationibus
811 1810 853 1844 et
879 1801 974 1843 aliis
997 1802 1206 1856 pietatem
1229 1800 1489 1843 fouentibus
1507 1814 1664 1842 vacare
1688 1814 1776 1840 non
1801 1800 1876 1842 de-

238 1878 369 1929 sinat;
393 1892 479 1932 qua
504 1878 547 1919 in
574 1892 618 1919 re
642 1891 742 1919 cum
771 1878 855 1918 illis
879 1885 1037 1928 certat,
1059 1878 1133 1932 qui
1160 1893 1261 1933 prae
1281 1877 1470 1920 caeteris
1488 1877 1690 1932 insignes
1709 1877 1875 1918 haben-

239 1962 325 1997 tur.
356 1956 409 1995 Et
433 1969 540 1996 sane
563 1955 618 1996 de
648 1954 875 2009 praeclara
906 1954 1002 1996 eius
1037 1955 1200 2001 indole,
1240 1961 1482 2008 utrumque
1516 1952 1713 2008 polliceri
1747 1951 1876 1993 nobis

239 2046 494 2086 possumus:
523 2032 708 2083 scilicet,
737 2032 857 2085 quod
881 2031 924 2072 in
949 2031 1091 2073 virum
1112 2031 1421 2073 doctissimum
1447 2030 1570 2071 iuxta
1589 2036 1633 2071 et
1657 2028 1875 2083 optimum

241 2122 462 2150 euasurus
485 2109 555 2160 sit,
585 2109 620 2149 si
651 2109 694 2149 in
726 2108 898 2163 coeptis
929 2109 1062 2163 (quod
1092 2122 1324 2162 speramus
1356 2108 1466 2160 fore)
1498 2105 1873 2161 perseuerauerit.

241 2185 361 2226 Patri
385 2185 565 2238 quidem
597 2195 764 2234 nostr0,
791 2193 834 2227 et
865 2185 1010 2238 nobis,
1044 2198 1220 2239 semper
1251 2198 1386 2226 curae
1416 2184 1516 2233 erit,
1543 2191 1590 2224 vt
1613 2184 1657 2224 in
1686 2190 1875 2238 Vtroque

237 2262 386 2303 studio
410 2271 598 2304 conatus
627 2262 724 2304 eius
756 2276 1119 2316 promoueamuS.
1148 2261 1222 2304 Ad
1248 2262 1368 2315 quod
1392 2276 1474 2302 nos
1504 2275 1591 2302 non
1616 2261 1758 2302 solum
1783 2274 1873 2302 mo-

242 2346 316 2380 uet
341 2338 593 2379 communis
616 2337 849 2379 charitatis
874 2337 998 2389 ratio,
1024 2339 1102 2381 sed
1126 2338 1363 2393 peculiaris
1385 2351 1473 2391 qua
1504 2337 1649 2391 ipsum
1681 2336 1873 2378 arctissi-

240 2428 311 2456 me
336 2414 692 2469 complectimur,
721 2423 814 2455 tum
839 2414 941 2468 quia
965 2414 1206 2456 dilectione
1229 2413 1396 2467 dignus
1421 2421 1505 2466 est,
1540 2420 1632 2453 tum
1665 2411 1768 2466 quia
1798 2426 1873 2455 ne-

239 2504 318 2544 pos
343 2492 396 2533 D.
433 2491 488 2532 V.
516 2490 700 2541 Illmae.,
726 2505 857 2545 quern
891 2490 1180 2532 obseruantia
1204 2499 1248 2531 et
1280 2489 1445 2545 pietate
1474 2489 1709 2544 singulari,
1743 2494 1790 2528 vt
1819 2488 1874 2528 de

240 2566 438 2608 Ecclesia
462 2567 561 2616 Dei,
588 2568 734 2621 deque
758 2567 887 2609 nobis
910 2567 1077 2622 optime
1102 2566 1327 2617 meritum,
1361 2574 1406 2608 et
1435 2565 1609 2609 eximiis
1631 2565 1714 2607 Dei
1745 2563 1874 2605 donis

238 2642 572 2683 ornatissimum
600 2644 848 2697 praesulem
874 2643 1201 2697 prosequimur.

327 2731 365 2771 3.
432 2719 567 2772 Quod
590 2719 644 2760 ad
674 2720 1038 2763 communionem
1074 2720 1233 2762 attinet
1264 2720 1348 2761 sub
1377 2727 1563 2774 Vtraque
1586 2717 1753 2773 specie,
1782 2730 1871 2758 non

307 2868 324 2885 ἐι
374 2859 548 2893 Ticinius
566 2864 704 2904 regest,

370 2977 539 3021 joannes
560 2978 718 3020 Hosius,
740 2990 860 3024 nepos
879 2978 1098 3022 cardinalis,
1121 2978 1187 3024 qui
1213 2977 1401 3012 Tridento
1427 2978 1587 3012 Romam
1617 2988 1705 3012 cum
1732 2975 1872 3010 nostris

237 3034 460 3070 advenerat.
482 3035 540 3070 Cf.
563 3036 680 3080 epist.
708 3036 1020 3081 praecedentem,
1040 3044 1079 3072 et
1098 3036 1211 3083 epist.
1239 3045 1319 3081 110,
1344 3045 1420 3071 111.
