1971 3276
6 3155 17 3261 -.;.-.,μ<
8 3135 15 3144 5
4 3064 14 3119 ,αξ
0 2692 13 3050 mv-gh.2——x-*-—2>=--
0 2674 1 2680 ⁴
0 2346 6 2657 θ’

526 230 663 264 EPIST.
693 228 854 272 72.—31
884 230 1130 264 DECEMBRIS
1163 230 1247 274 1561
1594 232 1662 275 307

79 338 197 384 sunt,
228 338 279 372 ut
308 329 541 384 Neapolim
572 342 624 371 ac
649 329 920 371 Maceratam
948 329 1004 380 ¹⁴;
1031 330 1238 372 nonnulli
1259 330 1599 373 concionatores
1633 338 1709 373 aut

80 406 294 463 magistri3
321 405 458 449 ceteri
481 404 737 447 scholastici
762 404 940 448 diuersa
972 406 1163 460 collegia
1194 406 1438 461 petierunt,
1466 414 1513 448 ut
1537 408 1708 449 Rornae

80 484 153 539 agi
174 482 411 525 consueuit
433 496 535 524 cum
560 481 659 536 illis,
687 482 762 535 qui
803 482 873 523 uel
913 482 967 524 ad
1002 482 1253 524 studiorum
1284 490 1447 524 metam
1480 497 1705 537 peruene-

80 567 198 611 runt,
226 560 296 602 uel
320 558 422 601 alibi
446 557 686 601 necessarii
709 565 832 612 sunt,
860 559 930 600 uel
954 558 1151 613 alioquin
1177 559 1342 600 nouicii
1375 558 1450 613 qui
1474 560 1709 601 commode

79 638 123 679 in
142 636 239 678 aliis
267 635 468 689 collegiis
498 634 789 678 humaniores
823 634 994 677 litteras
1027 635 1201 678 discere
1235 643 1442 689 possunt.
1469 636 1556 677 Hic
1590 636 1708 679 enim

79 728 234 756 omnes
262 711 485 755 contineri
515 720 763 766 nequeunt3
799 725 883 755 nec
913 713 1005 754 fere
1035 727 1089 755 ex
1120 711 1284 754 nostris
1319 712 1361 753 in
1398 713 1484 754 hoc
1518 713 1709 766 collegio

79 789 313 845 quisquam
335 788 451 830 infra
473 788 740 831 rhetoricam
769 787 1033 830 instituitur.

166 876 236 920 35.
303 865 562 920 Oeniponte
590 864 623 916 d,
658 879 773 920 quae
810 866 917 907 vrbs
954 872 1021 907 est
1059 865 1301 920 superioris
1330 865 1600 908 Germaniae
1630 881 1700 908 no-

78 942 305 994 bilissima,
332 943 472 997 uulgo
495 942 679 996 lspruck
703 942 938 997 appellata,
966 942 1052 983 iam
1076 949 1143 984 est
1175 957 1228 984 ex
1264 941 1426 984 nostris
1457 955 1575 984 unus
1599 956 1708 984 con-

76 1019 275 1062 cionator
293 1032 395 1061 curn
418 1018 557 1060 altero
581 1018 828 1061 sacerdote.
852 1018 912 1060 Hi
930 1018 1253 1062 habitationem
1279 1018 1418 1059 futuri
1436 1018 1614 1073 collegii
1634 1033 1708 1073 pa-

78 1104 175 1139 rant
193 1095 245 1138 iis
268 1095 344 1150 qui
367 1094 473 1137 hinc
491 1094 676 1138 ineunte
695 1109 800 1138 uere
818 1094 1175 1150 proficiscentur.
1198 1094 1316 1136 lllius
1335 1094 1492 1151 populi
1510 1094 1708 1136 studium

78 1187 185 1228 erga
203 1172 474 1216 Societatem
494 1170 767 1215 uberrimum
792 1172 987 1213 fructum
1007 1171 1052 1212 in
1072 1171 1265 1213 Domino
1285 1170 1486 1226 polliceri
1511 1170 1704 1214 uidetur.

168 1250 238 1304 36.
304 1249 490 1304 Aliquot
514 1249 640 1303 regni
664 1248 934 1303 neapolitani
959 1247 1166 1291 ciuitates
1189 1248 1379 1303 collegia
1410 1255 1562 1290 nostra
1581 1250 1706 1291 effla-

79 1327 240 1382 gitant,
267 1333 315 1368 ut
339 1326 524 1368 aliarum
548 1325 880 1381 prouinciarum
908 1339 999 1366 non
1033 1339 1203 1379 paucae
1235 1332 1279 1367 et
1307 1324 1508 1380 praelati,
1535 1325 1706 1380 reguli·

80 1417 166 1458 que
197 1410 286 1446 tam
317 1402 446 1444 multi
481 1402 844 1452 concionatores,
879 1401 1199 1452 confessarios,
1235 1401 1418 1455 ludique
1447 1401 1707 1455 magistros,

82 1494 136 1523 ex
158 1479 322 1522 nostris
347 1479 585 1534 impetrare
608 1478 905 1532 contendunt,
935 1484 982 1520 ut
1004 1478 1136 1519 etiam
1163 1477 1198 1519 si
1221 1478 1355 1532 longe
1385 1478 1535 1532 plures
1557 1491 1708 1532 opera-

80 1556 167 1599 rios
205 1557 392 1599 haberet
427 1555 648 1609 Societas,
681 1563 831 1596 tamen
865 1554 1122 1598 satisfacere
1155 1569 1243 1596 non
1278 1563 1442 1609 posset.
1481 1557 1710 1609 Rogemus

79 1647 188 1689 ergo
218 1632 463 1675 Dominum
497 1631 655 1675 messis
691 1639 739 1673 ut
773 1631 882 1673 alios
915 1631 1078 1685 mittat,
1118 1645 1286 1685 eosque
1319 1645 1430 1685 quos
1462 1630 1642 1674 uocauit
1665 1631 1709 1673 in
1765 1683 1769 1687 ῃ

80 1709 257 1751 uineam
280 1723 407 1751 suam
431 1708 616 1750 idoneos
639 1708 812 1759 reddat,
839 1707 914 1761 qui
938 1714 1112 1749 mature
1131 1708 1334 1749 laborare
1358 1707 1545 1762 possint:
1568 1721 1709 1761 quan-

80 1785 318 1839 doquidem
356 1785 496 1827 multa
532 1791 600 1826 est
633 1783 814 1836 messis,
850 1791 894 1825 et
925 1784 1043 1837 quod
1071 1784 1319 1838 lugendum
1354 1784 1410 1825 sit
1439 1784 1483 1825 in
1513 1783 1607 1825 dies
1635 1797 1710 1825 au-

81 1869 230 1916 getur.

171 1949 239 1992 37.
307 1937 479 1989 Asculi,
502 1936 622 1990 quod
638 1935 850 1991 oppidum
870 1943 937 1979 est
956 1936 1106 1978 Italiae
1130 1936 1340 1990 frequens
1360 1943 1401 1977 et
1425 1936 1708 1991 opulentum,

81 2014 123 2056 in
153 2014 318 2056 finibus
354 2013 506 2056 Piceni
541 2027 593 2055 ac
626 2012 807 2055 ditionis
841 2013 1109 2067 pontificiae,
1138 2027 1240 2054 cum
1272 2027 1415 2067 nuper
1445 2012 1624 2067 quidam
1657 2026 1711 2055 ex

83 2091 244 2132 nostris
274 2090 584 2133 sacerdotibus
613 2089 813 2132 eiusdem
844 2089 966 2131 vrbis
998 2090 1128 2144 ciuis,
1161 2089 1336 2143 piorum
1366 2088 1711 2131 ministeriorum

83 2181 216 2209 causa
238 2167 331 2210 dies
354 2167 523 2222 aliquot
548 2174 815 2218 moraretur,
837 2172 987 2208 actum
1011 2172 1078 2208 est
1096 2166 1140 2206 in
1160 2165 1343 2220 publico
1362 2165 1550 2206 concilio
1575 2165 1629 2208 de
1648 2164 1711 2205 in-

83 2243 309 2287 stituendo
335 2242 576 2287 Societatis
609 2242 816 2297 collegi03
846 2250 889 2285 et
913 2256 1014 2284 cum
1038 2257 1091 2284 ea
1114 2256 1184 2283 res
1212 2241 1440 2295 suffragiis
1463 2242 1710 2284 decernen-

83 2319 138 2361 da
160 2326 292 2371 esset,
319 2319 540 2374 explicata
565 2319 687 2374 prius
711 2318 943 2373 multiplici
967 2319 1063 2361 esus
1087 2318 1295 2372 utilitate,
1316 2325 1360 2359 et
1384 2316 1623 2360 Societatis
1647 2317 1709 2358 in-

84 2395 255 2448 stituto,
281 2403 432 2438 tantus
456 2395 538 2437 fuit
561 2395 760 2437 omnium
785 2409 1034 2437 consensus
1056 2402 1099 2436 et
1121 2401 1293 2436 tantum
1318 2393 1532 2447 studium,
1556 2400 1605 2434 ut
1623 2400 1709 2435 sta—

87 2470 160 2514 tim
184 2472 238 2514 ad
256 2471 528 2514 cardinalem
556 2471 866 2522 tridentinum,
889 2471 1005 2513 illius
1030 2471 1151 2512 vrbis
1173 2477 1427 2524 patronum,
1448 2477 1491 2511 et
1510 2476 1710 2511 nostrum

88 2548 260 2591 Patrem
294 2547 524 2598 vicarium,
557 2563 608 2591 ea
641 2548 696 2591 de
730 2562 777 2591 re
809 2554 1017 2590 accurate
1052 2545 1405 2602 perscripserint.
1443 2546 1536 2588 Suo
1575 2546 1708 2588 etiam

155 2673 172 2698 d
223 2672 435 2716 Aeniponti
455 2683 527 2707 τηε.

87 2783 200 2827 niam,
217 2783 436 2817 nominatus
453 2788 512 2817 est
530 2782 573 2819 P.
592 2783 730 2816 Petrus
747 2781 795 2816 de
815 2781 1085 2815 Ribadeneira.
1106 2778 1160 2813 Ex
1177 2780 1260 2824 ejus
1287 2780 1603 2825 autobiographia
1625 2792 1709 2824 ms,

88 2841 152 2875 lib.
173 2841 273 2884 11,c.
295 2842 366 2877 IV.

142 2900 170 2919 ¹4
218 2900 360 2935 Rector
377 2900 532 2945 collegii
564 2898 797 2945 neapolitani
827 2898 1076 2933 renunciatus
1102 2905 1160 2932 est
1180 2897 1242 2931 die
1270 2897 1313 2931 26
1333 2897 1444 2943 Sept.
1470 2897 1514 2933 P.
1537 2898 1712 2933 Lauren-

88 2957 162 2992 tius
182 2959 371 3003 Maggius;
399 2964 524 2993 rector
552 2969 644 2993 vero
658 2957 813 3002 collegii
842 2956 1116 2991 maceratensis
1136 2956 1179 2991 P.
1202 2956 1376 3000 Angelus
1396 2956 1589 3000 Doviffius,
1611 2956 1672 2991 die
1692 2965 1712 3000 7

89 3015 268 3051 Octobris
288 3017 461 3062 eJ'usdem
483 3017 586 3052 anni.
608 3017 866 3060 SACCHINUS,
888 3028 922 3061 p.
948 3016 994 3059 ΙΙ,
1018 3016 1040 3049 l.
1063 3016 1111 3060 V,
1130 3027 1166 3049 n.
1189 3014 1247 3051 86.
