1971 3276
543 205 686 240 EPJST.
711 204 862 248 74.-31
894 205 1140 239 DECEMBms
1170 205 1258 247 1562
1607 205 1676 241 323

36 307 42 313 “
91 312 138 347 ut
160 319 317 347 eorum
342 319 557 346 numerus
580 312 624 347 et
648 304 867 347 reditibus
889 311 933 347 et
952 303 1278 346 habitationum
1304 305 1460 359 spatiis
1486 306 1621 361 longe
1643 321 1718 349 su-

89 381 233 436 perior
256 381 330 424 sit.

181 470 245 503 11.
307 457 545 500 institutae
575 463 680 499 sunt
709 456 1037 512 disputationes
1066 457 1274 511 publicae
1302 458 1387 498 sub
1414 457 1591 500 initium
1622 459 1716 500 No-

86 534 298 586 uembris,
325 549 403 589 per
426 541 528 576 octo
551 534 791 576 continuos
814 533 925 585 dies;
952 533 996 574 in
1020 534 1200 587 quibus,
1229 534 1349 587 quod
1373 534 1427 576 ad
1455 542 1631 576 nostros
1654 542 1717 577 at-

87 610 211 662 tinet,
238 611 464 666 praeclare
494 618 539 653 et
562 624 726 665 magna
757 624 861 651 cum
890 609 1091 651 omnium
1124 610 1255 652 laude
1284 610 1432 652 omnia
1463 618 1563 652 acta
1592 618 1714 662 sunt,

83 687 179 731 siue
200 687 245 729 in
267 687 531 730 disserendo
559 687 827 741 doctrinam,
853 687 951 729 siue
980 687 1025 727 in
1058 688 1373 741 respondendo
1402 687 1716 742 promptitudi-

83 778 197 816 nem,
222 763 319 806 siue
348 763 613 806 modestiam
642 763 687 805 in
711 770 906 818 utroque
936 771 1127 818 spectes.
1162 764 1217 805 Et
1246 763 1390 818 primo
1415 764 1595 818 quidem
1624 764 1712 817 die,

83 847 259 895 praeter
286 839 503 894 reliquam
532 839 885 891 multitudinem,
917 840 1072 883 decem
1103 839 1353 882 cardinales
1385 839 1716 895 disputationes

81 924 261 960 nostras
293 922 527 967 ornarunt,
563 930 667 958 cum
703 916 882 958 duobus
914 916 1076 970 legatis
1105 923 1240 970 atque
1270 916 1479 970 praelatis
1513 916 1625 969 aliis,
1662 931 1714 959 ac

81 994 198 1035 bono
221 994 458 1035 doctorum
483 1006 686 1034 numero.
714 993 852 1047 Apud
882 1007 994 1047 quos
1024 992 1334 1047 pronuntiauit
1362 993 1635 1047 praeclaram
1659 994 1714 1035 de

80 1070 226 1112 officio
257 1069 491 1112 christiani
523 1068 721 1111 doctoris
753 1069 1002 1111 orationem
1036 1068 1050 1087 ⁸
1085 1069 1310 1124 professor
1344 1069 1438 1124 ipse
1471 1070 1715 1112 rhetorices

85 1148 132 1189 Ρ.
160 1148 322 1190 Petrus
351 1145 663 1201 Perpinianus,
693 1145 759 1188 uir
782 1146 826 1187 in
850 1147 936 1187 hoc
960 1160 1129 1200 genere
1154 1147 1285 1201 plane
1308 1146 1518 1201 insignis.
1545 1146 1714 1188 Vltimo

81 1237 186 1266 uero
208 1223 280 1266 die
302 1222 430 1274 alius,
455 1222 657 1265 oratione
681 1222 895 1277 eleganti,
920 1222 1051 1264 trium
1072 1222 1330 1277 linguarum
1350 1223 1506 1265 laudes
1528 1230 1595 1265 est
1615 1237 1713 1277 pro-

80 1307 277 1352 secutus;
303 1306 347 1342 et
370 1299 578 1354 dialogus
600 1299 735 1341 simul
762 1299 1005 1350 exhibitus,
1032 1299 1104 1341 cui
1130 1299 1286 1341 titulus
1309 1307 1403 1342 erat
1431 1301 1608 1342 «Fucus
1634 1300 1709 1341 de-

82 1383 274 1429 tectus»,
304 1376 488 1418 musicis
511 1376 808 1419 concentibus
830 1389 911 1430 per
933 1375 1169 1418 interualla
1193 1376 1410 1430 repetitis,
1440 1384 1484 1418 et
1508 1383 1710 1418 actorum

83 1460 320 1496 uenustate
343 1466 433 1494 non
457 1466 613 1507 parum
637 1460 836 1495 ornatus.

172 1541 238 1572 12.
306 1531 415 1571 Post
466 1530 548 1571 has
599 1528 801 1583 publicas
850 1528 1230 1580 concertationes,
1278 1529 1552 1572 instauratae
1603 1537 1710 1571 sunt

79 1606 279 1648 omnium
308 1605 519 1647 classium
554 1605 783 1658 lectiones,
815 1618 980 1659 magno
1008 1604 1380 1647 scholasticorum
1410 1604 1705 1649 incremento.

80 1682 384 1737 Theologicae
413 1681 619 1725 lectionis
647 1682 875 1723 auditores
899 1682 969 1737 (de
998 1681 1197 1723 externis
1225 1696 1346 1723 nunc
1379 1682 1572 1736 loquor),
1604 1689 1709 1723 sunt
1763 1691 1767 1695 ’

82 1759 257 1801 circiter
287 1772 354 1812 30,
384 1758 461 1812 qui
489 1772 705 1800 numerus
737 1759 905 1800 Romae
935 1758 1128 1812 exiguus
1160 1758 1403 1800 existimari
1434 1773 1523 1800 non
1555 1758 1706 1809 debet;

77 1835 120 1877 in
143 1848 263 1876 nouo
294 1834 457 1877 artium
482 1834 727 1888 curriculo,
755 1847 827 1887 403
854 1834 899 1876 in
922 1835 1064 1876 classe
1087 1834 1356 1886 rhetoricae,
1383 1845 1455 1889 453
1482 1835 1558 1889 qui
1582 1835 1617 1877 si
1643 1850 1710 1878 re-

76 1911 197 1965 liquo
221 1925 410 1952 numero
434 1910 806 1953 scholasticorum
829 1911 1052 1953 addantur
1077 1911 1151 1965 qui
1176 1911 1231 1952 ad
1254 1911 1362 1952 alias
1386 1912 1553 1954 classes
1576 1911 1709 1966 perti-

77 1996 201 2041 nent,
237 1987 434 2030 efficient
465 2002 640 2039 omnes,
676 1987 839 2029 nostris
873 1987 1088 2042 exceptis,
1119 2002 1355 2030 numerum
1387 1996 1705 2030 sexcentorum

79 2063 350 2117 quindecim,
379 2063 454 2117 qui
479 2077 695 2106 numerus
719 2070 818 2118 post
842 2063 956 2106 festa
979 2063 1194 2118 natalitia,
1222 2079 1339 2106 noua
1362 2065 1619 2107 ethicorum
1647 2066 1703 2107 le-

76 2139 224 2182 ctione
248 2139 391 2194 magis
413 2139 544 2181 etiam
571 2146 730 2181 auctus
753 2146 835 2183 est.
865 2141 943 2181 Est
967 2146 1220 2181 nostrorum
1252 2141 1436 2181 fratrum
1469 2140 1707 2195 praecipua

74 2229 182 2259 cura
214 2217 258 2257 in
291 2215 440 2257 omnia
473 2215 643 2258 studia:
681 2215 725 2257 in
760 2217 902 2259 classe
937 2230 1044 2258 uero
1080 2216 1326 2259 rhetoricae
1355 2216 1587 2258 institutae
1624 2218 1706 2258 hoc

74 2308 190 2335 anno
213 2301 318 2335 sunt
342 2292 646 2348 repetitiones,
674 2294 829 2347 quales
860 2294 1026 2335 habere
1056 2294 1201 2335 solent
1226 2293 1271 2333 hi
1296 2294 1370 2347 qui
1401 2293 1707 2347 philosophiae

72 2371 178 2412 dant
200 2384 395 2425 operam,
422 2369 555 2411 nullis
579 2370 859 2413 declamandi
882 2376 926 2412 et
951 2370 1147 2411 carmina
1173 2370 1399 2410 scribendi
1422 2369 1704 2411 exercitatio-

70 2446 202 2488 nibus
224 2445 564 2502 praetermissis3
591 2446 681 2488 imo
703 2446 863 2489 diebus
886 2446 1021 2488 etiam
1047 2445 1170 2488 festis
1195 2445 1607 2487 concertationibus
1631 2445 1700 2488 lit-

71 2523 241 2565 terariis
263 2537 361 2566 sese
389 2523 555 2565 utiliter
586 2530 808 2575 exercent,
833 2522 1038 2565 admissis
1068 2522 1202 2564 etiam
1230 2522 1426 2565 externis
1456 2521 1699 2563 scholasti—

71 2599 150 2654 cis,
182 2600 257 2653 qui
285 2614 374 2640 non
408 2614 567 2654 parum
602 2599 730 2641 multi
761 2599 914 2641 uenire
944 2599 1104 2642 solent.
1137 2599 1185 2640 ld
1215 2599 1335 2652 quod
1366 2599 1499 2639 etiam
1531 2598 1703 2639 faciunt

71 2675 145 2729 qui
178 2677 233 2717 ad
256 2662 453 2719 ‘classem
488 2675 777 2718 humanitatis
805 2682 848 2717 et
877 2675 1197 2729 grammaticae
1228 2674 1470 2728 pertinent,
1511 2688 1699 2728 quorum

71 2765 160 2793 non
183 2752 479 2806 poenitendus
507 2758 575 2793 est
602 2751 647 2793 in
671 2751 921 2793 litterarum
951 2759 994 2792 et
1017 2751 1196 2805 pietatis
1219 2750 1380 2792 studiis
1412 2764 1695 2805 progressus.

141 2935 154 2954 ²³
203 2935 285 2969 Hoc
304 2934 415 2969 titulo
433 2935 515 2968 «De
535 2933 706 2978 perfecta
724 2933 892 2967 doctoris
911 2932 1109 2967 christiani
1130 2932 1286 2974 forma»,
1314 2938 1442 2967 exstat
1463 2933 1584 2967 oratio
1612 2933 1699 2967 Per-

72 2992 226 3038 piniani,
247 3004 344 3038 quae
364 2998 423 3027 est
442 2993 539 3033 1V.²·‚
558 2993 597 3026 in
616 2997 709 3027 tom.
730 2992 745 3025 I
764 3003 921 3036 operum
942 2990 1128 3036 ejusdem,
1150 2991 1308 3031 Romae,
1332 2990 1613 3027 MDCCXLIX.
