<?xml version="1.0" encoding="UTF-8"?>
<!DOCTYPE html PUBLIC "-//W3C//DTD XHTML 1.0 Transitional//EN"
    "http://www.w3.org/TR/xhtml1/DTD/xhtml1-transitional.dtd">
<html xmlns="http://www.w3.org/1999/xhtml" xml:lang="en" lang="en">
 <head>
  <title>
</title>
<meta http-equiv="Content-Type" content="text/html;charset=utf-8" />
  <meta name='ocr-system' content='tesseract 3.04.00' />
  <meta name='ocr-capabilities' content='ocr_page ocr_carea ocr_par ocr_line ocrx_word'/>
</head>
<body>
  <div class='ocr_page' id='page_1' title='image "./polancicomplemen06pola_0512.png"; bbox 0 0 1971 3276; ppageno 0'>
   <div class='ocr_carea' id='block_1_1' title="bbox 288 196 1327 239">
    <p class='ocr_par' dir='ltr' id='par_1_1' title="bbox 288 196 1327 239">
     <span class='ocr_line' id='line_1_1' title="bbox 288 196 1327 239; baseline -0.001 -9"><span class='ocrx_word' id='word_1_1' title='bbox 288 204 357 239; x_wconf 81' lang='lat'>470</span> <span class='ocrx_word' id='word_1_2' title='bbox 787 196 976 230; x_wconf 73' lang='lat' dir='ltr'>POLANCI</span> <span class='ocrx_word' id='word_1_3' title='bbox 1008 204 1327 230; x_wconf 71' lang='lat' dir='ltr'>coMPLEMENTA</span> 
     </span>
    </p>
   </div>
   <div class='ocr_carea' id='block_1_2' title="bbox 241 295 1878 2269">
    <p class='ocr_par' dir='ltr' id='par_1_2' title="bbox 243 295 1870 580">
     <span class='ocr_line' id='line_1_2' title="bbox 246 295 1870 351; baseline -0.001 -14"><span class='ocrx_word' id='word_1_4' title='bbox 246 301 341 347; x_wconf 79' lang='lat' dir='ltr'>fias,</span> <span class='ocrx_word' id='word_1_5' title='bbox 368 305 513 338; x_wconf 88' lang='lat' dir='ltr'>rector</span> <span class='ocrx_word' id='word_1_6' title='bbox 536 296 804 339; x_wconf 86' lang='lat' dir='ltr'>sassarensis</span> <span class='ocrx_word' id='word_1_7' title='bbox 826 296 1024 351; x_wconf 83' lang='lat' dir='ltr'>collegii,</span> <span class='ocrx_word' id='word_1_8' title='bbox 1042 295 1163 350; x_wconf 93' lang='lat' dir='ltr'>quod</span> <span class='ocrx_word' id='word_1_9' title='bbox 1180 303 1248 338; x_wconf 87' lang='lat' dir='ltr'>est</span> <span class='ocrx_word' id='word_1_10' title='bbox 1264 296 1310 338; x_wconf 92' lang='lat' dir='ltr'>in</span> <span class='ocrx_word' id='word_1_11' title='bbox 1328 295 1551 347; x_wconf 82' lang='lat' dir='ltr'>Sardinia,</span> <span class='ocrx_word' id='word_1_12' title='bbox 1578 301 1769 349; x_wconf 91' lang='lat' dir='ltr'>quatuor</span> <span class='ocrx_word' id='word_1_13' title='bbox 1793 308 1870 336; x_wconf 93' lang='lat' dir='ltr'>uo-</span> 
     </span>
     <span class='ocr_line' id='line_1_3' title="bbox 245 371 1869 427; baseline -0.001 -14"><span class='ocrx_word' id='word_1_14' title='bbox 245 380 408 427; x_wconf 82' lang='lat' dir='ltr'>torum,</span> <span class='ocrx_word' id='word_1_15' title='bbox 447 375 579 415; x_wconf 87' lang='lat' dir='ltr'>Pater</span> <span class='ocrx_word' id='word_1_16' title='bbox 609 381 757 416; x_wconf 90' lang='lat' dir='ltr'>autem</span> <span class='ocrx_word' id='word_1_17' title='bbox 791 372 993 427; x_wconf 78' lang='lat' dir='ltr'>Baptista</span> <span class='ocrx_word' id='word_1_18' title='bbox 1025 373 1187 414; x_wconf 86' lang='lat' dir='ltr'>Ribera</span> <span class='ocrx_word' id='word_1_19' title='bbox 1218 374 1322 426; x_wconf 77' lang='lat'>3.¹¹¹²²&#39;</span> <span class='ocrx_word' id='word_1_20' title='bbox 1343 380 1517 414; x_wconf 90' lang='lat' dir='ltr'>tantum</span> <span class='ocrx_word' id='word_1_21' title='bbox 1549 371 1869 427; x_wconf 82' lang='lat' dir='ltr'>professionem</span> 
     </span>
     <span class='ocr_line' id='line_1_4' title="bbox 243 447 1869 504; baseline -0.002 -14"><span class='ocrx_word' id='word_1_22' title='bbox 243 451 463 501; x_wconf 86' lang='lat' dir='ltr'>fecerunt3</span> <span class='ocrx_word' id='word_1_23' title='bbox 490 450 710 503; x_wconf 87' lang='lat' dir='ltr'>multique</span> <span class='ocrx_word' id='word_1_24' title='bbox 733 449 804 491; x_wconf 92' lang='lat' dir='ltr'>alii</span> <span class='ocrx_word' id='word_1_25' title='bbox 828 457 1058 504; x_wconf 87' lang='lat' dir='ltr'>praeterea</span> <span class='ocrx_word' id='word_1_26' title='bbox 1083 457 1159 491; x_wconf 88' lang='lat' dir='ltr'>aut</span> <span class='ocrx_word' id='word_1_27' title='bbox 1182 449 1323 491; x_wconf 85' lang='lat' dir='ltr'>sacris</span> <span class='ocrx_word' id='word_1_28' title='bbox 1347 449 1525 499; x_wconf 90' lang='lat' dir='ltr'>initiati,</span> <span class='ocrx_word' id='word_1_29' title='bbox 1552 455 1628 490; x_wconf 89' lang='lat' dir='ltr'>aut</span> <span class='ocrx_word' id='word_1_30' title='bbox 1653 449 1708 489; x_wconf 91' lang='lat' dir='ltr'>ad</span> <span class='ocrx_word' id='word_1_31' title='bbox 1732 447 1869 489; x_wconf 90' lang='lat' dir='ltr'>mino-</span> 
     </span>
     <span class='ocr_line' id='line_1_5' title="bbox 243 526 877 580; baseline 0.002 -14"><span class='ocrx_word' id='word_1_32' title='bbox 243 540 313 568; x_wconf 91' lang='lat' dir='ltr'>res</span> <span class='ocrx_word' id='word_1_33' title='bbox 337 526 516 568; x_wconf 88' lang='lat' dir='ltr'>ordines</span> <span class='ocrx_word' id='word_1_34' title='bbox 539 526 733 580; x_wconf 88' lang='lat' dir='ltr'>promoti</span> <span class='ocrx_word' id='word_1_35' title='bbox 758 533 877 567; x_wconf 88' lang='lat' dir='ltr'>sunt.</span> 
     </span>
    </p>

    <p class='ocr_par' dir='ltr' id='par_1_3' title="bbox 241 601 1873 1261">
     <span class='ocr_line' id='line_1_6' title="bbox 331 601 1871 658; baseline -0.003 -12"><span class='ocrx_word' id='word_1_36' title='bbox 331 613 372 654; x_wconf 93' lang='lat'>7.</span> <span class='ocrx_word' id='word_1_37' title='bbox 440 603 599 656; x_wconf 83' lang='lat' dir='ltr'>Neque</span> <span class='ocrx_word' id='word_1_38' title='bbox 622 617 728 644; x_wconf 89' lang='lat' dir='ltr'>sane</span> <span class='ocrx_word' id='word_1_39' title='bbox 753 604 836 644; x_wconf 89' lang='lat' dir='ltr'>hoc</span> <span class='ocrx_word' id='word_1_40' title='bbox 859 604 957 644; x_wconf 91' lang='lat' dir='ltr'>loco</span> <span class='ocrx_word' id='word_1_41' title='bbox 981 603 1221 658; x_wconf 86' lang='lat' dir='ltr'>praeterire</span> <span class='ocrx_word' id='word_1_42' title='bbox 1245 617 1426 657; x_wconf 90' lang='lat' dir='ltr'>possum</span> <span class='ocrx_word' id='word_1_43' title='bbox 1457 602 1580 656; x_wconf 91' lang='lat' dir='ltr'>quod</span> <span class='ocrx_word' id='word_1_44' title='bbox 1604 601 1726 644; x_wconf 90' lang='lat' dir='ltr'>hisee</span> <span class='ocrx_word' id='word_1_45' title='bbox 1749 615 1871 643; x_wconf 89' lang='lat' dir='ltr'>men-</span> 
     </span>
     <span class='ocr_line' id='line_1_7' title="bbox 241 678 1872 734; baseline -0.001 -15"><span class='ocrx_word' id='word_1_46' title='bbox 241 679 366 720; x_wconf 87' lang='lat' dir='ltr'>sibus</span> <span class='ocrx_word' id='word_1_47' title='bbox 385 679 459 720; x_wconf 91' lang='lat' dir='ltr'>uni</span> <span class='ocrx_word' id='word_1_48' title='bbox 486 680 712 720; x_wconf 78' lang='lat' dir='ltr'>fabrorum</span> <span class='ocrx_word' id='word_1_49' title='bbox 737 687 989 721; x_wconf 90' lang='lat' dir='ltr'>nostrorum</span> <span class='ocrx_word' id='word_1_50' title='bbox 1014 679 1191 731; x_wconf 82' lang='lat' dir='ltr'>accidit3</span> <span class='ocrx_word' id='word_1_51' title='bbox 1214 678 1291 734; x_wconf 92' lang='lat' dir='ltr'>qui</span> <span class='ocrx_word' id='word_1_52' title='bbox 1313 679 1420 721; x_wconf 90' lang='lat' dir='ltr'>dum</span> <span class='ocrx_word' id='word_1_53' title='bbox 1443 678 1488 720; x_wconf 93' lang='lat' dir='ltr'>in</span> <span class='ocrx_word' id='word_1_54' title='bbox 1511 679 1761 720; x_wconf 91' lang='lat' dir='ltr'>extruendo</span> <span class='ocrx_word' id='word_1_55' title='bbox 1779 678 1872 719; x_wconf 93' lang='lat' dir='ltr'>col-</span> 
     </span>
     <span class='ocr_line' id='line_1_8' title="bbox 242 754 1872 810; baseline -0.001 -14"><span class='ocrx_word' id='word_1_56' title='bbox 242 755 348 810; x_wconf 82' lang='lat' dir='ltr'>legii</span> <span class='ocrx_word' id='word_1_57' title='bbox 382 757 564 810; x_wconf 70' lang='lat' dir='ltr'>templo,</span> <span class='ocrx_word' id='word_1_58' title='bbox 601 755 730 797; x_wconf 90' lang='lat' dir='ltr'>cuius</span> <span class='ocrx_word' id='word_1_59' title='bbox 764 757 895 798; x_wconf 93' lang='lat' dir='ltr'>modo</span> <span class='ocrx_word' id='word_1_60' title='bbox 931 764 1100 799; x_wconf 90' lang='lat' dir='ltr'>tectum</span> <span class='ocrx_word' id='word_1_61' title='bbox 1136 756 1415 806; x_wconf 83' lang='lat' dir='ltr'>aedificatur,</span> <span class='ocrx_word' id='word_1_62' title='bbox 1447 756 1688 809; x_wconf 79' lang='lat' dir='ltr'>laboraret,</span> <span class='ocrx_word' id='word_1_63' title='bbox 1720 754 1872 797; x_wconf 89' lang='lat' dir='ltr'>nescio</span> 
     </span>
     <span class='ocr_line' id='line_1_9' title="bbox 242 832 1872 888; baseline -0.001 -14"><span class='ocrx_word' id='word_1_64' title='bbox 242 834 468 886; x_wconf 92' lang='lat' dir='ltr'>quomodo</span> <span class='ocrx_word' id='word_1_65' title='bbox 491 848 545 875; x_wconf 82' lang='lat' dir='ltr'>ex</span> <span class='ocrx_word' id='word_1_66' title='bbox 570 833 737 887; x_wconf 86' lang='lat' dir='ltr'>pariete</span> <span class='ocrx_word' id='word_1_67' title='bbox 756 834 799 875; x_wconf 91' lang='lat' dir='ltr'>in</span> <span class='ocrx_word' id='word_1_68' title='bbox 823 834 1051 875; x_wconf 85' lang='lat' dir='ltr'>excelsum</span> <span class='ocrx_word' id='word_1_69' title='bbox 1072 832 1257 888; x_wconf 83' lang='lat' dir='ltr'>triginta</span> <span class='ocrx_word' id='word_1_70' title='bbox 1275 833 1412 887; x_wconf 92' lang='lat' dir='ltr'>pedes</span> <span class='ocrx_word' id='word_1_71' title='bbox 1429 839 1595 883; x_wconf 85' lang='lat' dir='ltr'>erecto,</span> <span class='ocrx_word' id='word_1_72' title='bbox 1617 846 1751 886; x_wconf 88' lang='lat' dir='ltr'>supra</span> <span class='ocrx_word' id='word_1_73' title='bbox 1773 832 1872 872; x_wconf 91' lang='lat' dir='ltr'>dor-</span> 
     </span>
     <span class='ocr_line' id='line_1_10' title="bbox 243 909 1867 965; baseline 0 -15"><span class='ocrx_word' id='word_1_74' title='bbox 243 924 341 951; x_wconf 92' lang='lat' dir='ltr'>sum</span> <span class='ocrx_word' id='word_1_75' title='bbox 365 916 408 951; x_wconf 88' lang='lat' dir='ltr'>et</span> <span class='ocrx_word' id='word_1_76' title='bbox 433 924 571 964; x_wconf 85' lang='lat' dir='ltr'>prope</span> <span class='ocrx_word' id='word_1_77' title='bbox 595 910 791 965; x_wconf 89' lang='lat' dir='ltr'>lapidum</span> <span class='ocrx_word' id='word_1_78' title='bbox 827 924 1040 952; x_wconf 86' lang='lat' dir='ltr'>aceruum</span> <span class='ocrx_word' id='word_1_79' title='bbox 1072 909 1251 962; x_wconf 88' lang='lat' dir='ltr'>cecidit;</span> <span class='ocrx_word' id='word_1_80' title='bbox 1278 923 1329 951; x_wconf 90' lang='lat' dir='ltr'>ac</span> <span class='ocrx_word' id='word_1_81' title='bbox 1359 909 1462 952; x_wconf 89' lang='lat' dir='ltr'>licet</span> <span class='ocrx_word' id='word_1_82' title='bbox 1490 909 1548 950; x_wconf 90' lang='lat' dir='ltr'>ob</span> <span class='ocrx_word' id='word_1_83' title='bbox 1578 922 1765 963; x_wconf 83' lang='lat' dir='ltr'>grauem</span> <span class='ocrx_word' id='word_1_84' title='bbox 1790 922 1867 950; x_wconf 89' lang='lat' dir='ltr'>ca-</span> 
     </span>
     <span class='ocr_line' id='line_1_11' title="bbox 243 985 1870 1041; baseline 0 -15"><span class='ocrx_word' id='word_1_85' title='bbox 243 999 341 1026; x_wconf 89' lang='lat' dir='ltr'>sum</span> <span class='ocrx_word' id='word_1_86' title='bbox 366 994 409 1027; x_wconf 91' lang='lat' dir='ltr'>et</span> <span class='ocrx_word' id='word_1_87' title='bbox 434 986 624 1040; x_wconf 88' lang='lat' dir='ltr'>ruinam,</span> <span class='ocrx_word' id='word_1_88' title='bbox 651 987 919 1041; x_wconf 81' lang='lat' dir='ltr'>sanguinem</span> <span class='ocrx_word' id='word_1_89' title='bbox 950 986 1174 1036; x_wconf 86' lang='lat' dir='ltr'>minxerit,</span> <span class='ocrx_word' id='word_1_90' title='bbox 1203 993 1352 1028; x_wconf 88' lang='lat' dir='ltr'>tamen</span> <span class='ocrx_word' id='word_1_91' title='bbox 1383 986 1502 1040; x_wconf 90' lang='lat' dir='ltr'>quod</span> <span class='ocrx_word' id='word_1_92' title='bbox 1527 1000 1614 1027; x_wconf 88' lang='lat' dir='ltr'>non</span> <span class='ocrx_word' id='word_1_93' title='bbox 1639 986 1782 1026; x_wconf 91' lang='lat' dir='ltr'>solum</span> <span class='ocrx_word' id='word_1_94' title='bbox 1808 985 1870 1027; x_wconf 93' lang='lat' dir='ltr'>ui-</span> 
     </span>
     <span class='ocr_line' id='line_1_12' title="bbox 244 1062 1868 1117; baseline 0.001 -14"><span class='ocrx_word' id='word_1_95' title='bbox 244 1070 330 1104; x_wconf 85' lang='lat' dir='ltr'>tam</span> <span class='ocrx_word' id='word_1_96' title='bbox 356 1078 445 1104; x_wconf 92' lang='lat' dir='ltr'>non</span> <span class='ocrx_word' id='word_1_97' title='bbox 469 1063 681 1114; x_wconf 80' lang='lat' dir='ltr'>amiserit,</span> <span class='ocrx_word' id='word_1_98' title='bbox 708 1064 786 1106; x_wconf 89' lang='lat' dir='ltr'>sed</span> <span class='ocrx_word' id='word_1_99' title='bbox 812 1079 867 1106; x_wconf 90' lang='lat' dir='ltr'>ne</span> <span class='ocrx_word' id='word_1_100' title='bbox 892 1079 942 1105; x_wconf 95' lang='lat' dir='ltr'>os</span> <span class='ocrx_word' id='word_1_101' title='bbox 967 1064 1146 1117; x_wconf 89' lang='lat' dir='ltr'>quidem</span> <span class='ocrx_word' id='word_1_102' title='bbox 1174 1078 1312 1105; x_wconf 92' lang='lat' dir='ltr'>unum</span> <span class='ocrx_word' id='word_1_103' title='bbox 1338 1062 1522 1117; x_wconf 76' lang='lat' dir='ltr'>fregerit</span> <span class='ocrx_word' id='word_1_104' title='bbox 1552 1069 1596 1104; x_wconf 91' lang='lat' dir='ltr'>et</span> <span class='ocrx_word' id='word_1_105' title='bbox 1626 1062 1742 1103; x_wconf 89' lang='lat' dir='ltr'>intra</span> <span class='ocrx_word' id='word_1_106' title='bbox 1766 1076 1868 1117; x_wconf 87' lang='lat' dir='ltr'>pau·</span> 
     </span>
     <span class='ocr_line' id='line_1_13' title="bbox 244 1138 1873 1194; baseline 0.001 -14"><span class='ocrx_word' id='word_1_107' title='bbox 244 1153 320 1180; x_wconf 92' lang='lat' dir='ltr'>cos</span> <span class='ocrx_word' id='word_1_108' title='bbox 349 1139 443 1180; x_wconf 90' lang='lat' dir='ltr'>dies</span> <span class='ocrx_word' id='word_1_109' title='bbox 471 1140 768 1192; x_wconf 85' lang='lat' dir='ltr'>conualuerit‚</span> <span class='ocrx_word' id='word_1_110' title='bbox 800 1155 888 1182; x_wconf 92' lang='lat' dir='ltr'>non</span> <span class='ocrx_word' id='word_1_111' title='bbox 925 1139 1009 1182; x_wconf 89' lang='lat' dir='ltr'>nisi</span> <span class='ocrx_word' id='word_1_112' title='bbox 1037 1140 1218 1182; x_wconf 90' lang='lat' dir='ltr'>diuinae</span> <span class='ocrx_word' id='word_1_113' title='bbox 1246 1139 1461 1181; x_wconf 90' lang='lat' dir='ltr'>bonitatis</span> <span class='ocrx_word' id='word_1_114' title='bbox 1489 1147 1534 1182; x_wconf 87' lang='lat' dir='ltr'>et</span> <span class='ocrx_word' id='word_1_115' title='bbox 1563 1138 1873 1194; x_wconf 89' lang='lat' dir='ltr'>prouidentiae</span> 
     </span>
     <span class='ocr_line' id='line_1_14' title="bbox 244 1215 697 1261; baseline 0.007 -4"><span class='ocrx_word' id='word_1_116' title='bbox 244 1215 507 1258; x_wconf 81' lang='lat' dir='ltr'>miraculum</span> <span class='ocrx_word' id='word_1_117' title='bbox 533 1217 697 1261; x_wconf 80' lang='lat' dir='ltr'>iudico.</span> 
     </span>
    </p>

    <p class='ocr_par' dir='ltr' id='par_1_4' title="bbox 241 1292 1876 1961">
     <span class='ocr_line' id='line_1_15' title="bbox 333 1292 1874 1349; baseline -0.001 -15"><span class='ocrx_word' id='word_1_118' title='bbox 333 1294 373 1337; x_wconf 83' lang='lat'>8.</span> <span class='ocrx_word' id='word_1_119' title='bbox 438 1294 527 1336; x_wconf 87' lang='lat' dir='ltr'>Sed</span> <span class='ocrx_word' id='word_1_120' title='bbox 560 1297 646 1335; x_wconf 87' lang='lat' dir='ltr'>iam</span> <span class='ocrx_word' id='word_1_121' title='bbox 682 1295 735 1336; x_wconf 88' lang='lat' dir='ltr'>ad</span> <span class='ocrx_word' id='word_1_122' title='bbox 775 1294 1011 1349; x_wconf 81' lang='lat' dir='ltr'>gymnasia</span> <span class='ocrx_word' id='word_1_123' title='bbox 1045 1302 1089 1336; x_wconf 90' lang='lat' dir='ltr'>et</span> <span class='ocrx_word' id='word_1_124' title='bbox 1129 1300 1440 1348; x_wconf 85' lang='lat' dir='ltr'>praeceptores</span> <span class='ocrx_word' id='word_1_125' title='bbox 1479 1293 1628 1342; x_wconf 82' lang='lat' dir='ltr'>uenio,</span> <span class='ocrx_word' id='word_1_126' title='bbox 1672 1292 1728 1334; x_wconf 91' lang='lat' dir='ltr'>ad</span> <span class='ocrx_word' id='word_1_127' title='bbox 1761 1306 1874 1346; x_wconf 90' lang='lat' dir='ltr'>quos</span> 
     </span>
     <span class='ocr_line' id='line_1_16' title="bbox 242 1369 1874 1425; baseline 0 -16"><span class='ocrx_word' id='word_1_128' title='bbox 242 1384 398 1411; x_wconf 85' lang='lat' dir='ltr'>omnes</span> <span class='ocrx_word' id='word_1_129' title='bbox 430 1371 677 1412; x_wconf 89' lang='lat' dir='ltr'>audiendos</span> <span class='ocrx_word' id='word_1_130' title='bbox 706 1385 806 1412; x_wconf 92' lang='lat' dir='ltr'>curn</span> <span class='ocrx_word' id='word_1_131' title='bbox 840 1371 991 1425; x_wconf 82' lang='lat' dir='ltr'>magni</span> <span class='ocrx_word' id='word_1_132' title='bbox 1022 1370 1221 1425; x_wconf 86' lang='lat' dir='ltr'>quotidie</span> <span class='ocrx_word' id='word_1_133' title='bbox 1250 1384 1498 1412; x_wconf 78' lang='lat' dir='ltr'>concursus</span> <span class='ocrx_word' id='word_1_134' title='bbox 1530 1369 1658 1421; x_wconf 88' lang='lat' dir='ltr'>fiunt,</span> <span class='ocrx_word' id='word_1_135' title='bbox 1692 1377 1788 1410; x_wconf 89' lang='lat' dir='ltr'>turn</span> <span class='ocrx_word' id='word_1_136' title='bbox 1819 1369 1874 1409; x_wconf 88' lang='lat' dir='ltr'>ad</span> 
     </span>
     <span class='ocr_line' id='line_1_17' title="bbox 244 1444 1854 1501; baseline -0.001 -14"><span class='ocrx_word' id='word_1_137' title='bbox 244 1461 345 1488; x_wconf 91' lang='lat' dir='ltr'>eum</span> <span class='ocrx_word' id='word_1_138' title='bbox 371 1446 446 1500; x_wconf 92' lang='lat' dir='ltr'>qui</span> <span class='ocrx_word' id='word_1_139' title='bbox 468 1461 599 1488; x_wconf 80' lang='lat' dir='ltr'>casus</span> <span class='ocrx_word' id='word_1_140' title='bbox 624 1447 932 1490; x_wconf 84' lang='lat' dir='ltr'>conscientiae</span> <span class='ocrx_word' id='word_1_141' title='bbox 965 1447 1286 1501; x_wconf 89' lang='lat' dir='ltr'>interpretatur</span> <span class='ocrx_word' id='word_1_142' title='bbox 1318 1454 1440 1488; x_wconf 89' lang='lat' dir='ltr'>tanta</span> <span class='ocrx_word' id='word_1_143' title='bbox 1471 1448 1694 1487; x_wconf 87' lang='lat' dir='ltr'>hactenus</span> <span class='ocrx_word' id='word_1_144' title='bbox 1726 1444 1854 1486; x_wconf 92' lang='lat' dir='ltr'>multi</span> 
     </span>
     <span class='ocr_line' id='line_1_18' title="bbox 245 1521 1871 1578; baseline 0 -15"><span class='ocrx_word' id='word_1_145' title='bbox 245 1522 354 1563; x_wconf 90' lang='lat' dir='ltr'>tudo</span> <span class='ocrx_word' id='word_1_146' title='bbox 376 1523 591 1564; x_wconf 85' lang='lat' dir='ltr'>confluxit</span> <span class='ocrx_word' id='word_1_147' title='bbox 616 1523 648 1576; x_wconf 66' lang='lat'>4,</span> <span class='ocrx_word' id='word_1_148' title='bbox 677 1531 724 1564; x_wconf 89' lang='lat' dir='ltr'>ut</span> <span class='ocrx_word' id='word_1_149' title='bbox 747 1538 849 1564; x_wconf 89' lang='lat' dir='ltr'>eum</span> <span class='ocrx_word' id='word_1_150' title='bbox 876 1524 1061 1565; x_wconf 88' lang='lat' dir='ltr'>scholas</span> <span class='ocrx_word' id='word_1_151' title='bbox 1083 1523 1127 1564; x_wconf 91' lang='lat' dir='ltr'>in</span> <span class='ocrx_word' id='word_1_152' title='bbox 1152 1525 1317 1578; x_wconf 88' lang='lat' dir='ltr'>templo</span> <span class='ocrx_word' id='word_1_153' title='bbox 1347 1530 1501 1565; x_wconf 89' lang='lat' dir='ltr'>nostro</span> <span class='ocrx_word' id='word_1_154' title='bbox 1531 1521 1754 1577; x_wconf 85' lang='lat' dir='ltr'>explicare</span> <span class='ocrx_word' id='word_1_155' title='bbox 1780 1521 1871 1563; x_wconf 87' lang='lat' dir='ltr'>fue-</span> 
     </span>
     <span class='ocr_line' id='line_1_19' title="bbox 245 1598 1875 1642; baseline 0 -3"><span class='ocrx_word' id='word_1_156' title='bbox 245 1599 299 1640; x_wconf 92' lang='lat' dir='ltr'>rit</span> <span class='ocrx_word' id='word_1_157' title='bbox 335 1600 650 1642; x_wconf 87' lang='lat' dir='ltr'>necessarium.</span> <span class='ocrx_word' id='word_1_158' title='bbox 691 1601 999 1642; x_wconf 87' lang='lat' dir='ltr'>Numerantur</span> <span class='ocrx_word' id='word_1_159' title='bbox 1028 1600 1194 1642; x_wconf 82' lang='lat' dir='ltr'>assidui</span> <span class='ocrx_word' id='word_1_160' title='bbox 1224 1600 1321 1642; x_wconf 90' lang='lat' dir='ltr'>eius</span> <span class='ocrx_word' id='word_1_161' title='bbox 1351 1600 1579 1642; x_wconf 88' lang='lat' dir='ltr'>auditores</span> <span class='ocrx_word' id='word_1_162' title='bbox 1610 1601 1702 1642; x_wconf 90' lang='lat' dir='ltr'>fere</span> <span class='ocrx_word' id='word_1_163' title='bbox 1733 1598 1875 1640; x_wconf 87' lang='lat' dir='ltr'>octin-</span> 
     </span>
     <span class='ocr_line' id='line_1_20' title="bbox 244 1675 1856 1732; baseline -0.002 -13"><span class='ocrx_word' id='word_1_164' title='bbox 244 1677 385 1731; x_wconf 76' lang='lat' dir='ltr'>genti,</span> <span class='ocrx_word' id='word_1_165' title='bbox 419 1677 534 1719; x_wconf 88' lang='lat' dir='ltr'>inter</span> <span class='ocrx_word' id='word_1_166' title='bbox 563 1692 675 1731; x_wconf 91' lang='lat' dir='ltr'>quos</span> <span class='ocrx_word' id='word_1_167' title='bbox 710 1692 795 1718; x_wconf 89' lang='lat' dir='ltr'>non</span> <span class='ocrx_word' id='word_1_168' title='bbox 827 1677 1089 1732; x_wconf 76' lang='lat' dir='ltr'>ignoramus</span> <span class='ocrx_word' id='word_1_169' title='bbox 1122 1678 1286 1719; x_wconf 86' lang='lat' dir='ltr'>multos</span> <span class='ocrx_word' id='word_1_170' title='bbox 1318 1691 1416 1719; x_wconf 90' lang='lat' dir='ltr'>esse</span> <span class='ocrx_word' id='word_1_171' title='bbox 1451 1677 1707 1732; x_wconf 86' lang='lat' dir='ltr'>parrochos,</span> <span class='ocrx_word' id='word_1_172' title='bbox 1741 1675 1856 1717; x_wconf 89' lang='lat' dir='ltr'>sacri</span> 
     </span>
     <span class='ocr_line' id='line_1_21' title="bbox 241 1752 1875 1807; baseline -0.001 -13"><span class='ocrx_word' id='word_1_173' title='bbox 241 1754 417 1803; x_wconf 80' lang='lat' dir='ltr'>ficulos,</span> <span class='ocrx_word' id='word_1_174' title='bbox 445 1753 644 1807; x_wconf 86' lang='lat' dir='ltr'>aliosque</span> <span class='ocrx_word' id='word_1_175' title='bbox 668 1755 942 1805; x_wconf 79' lang='lat' dir='ltr'>sacerdotes,</span> <span class='ocrx_word' id='word_1_176' title='bbox 970 1755 1210 1796; x_wconf 91' lang='lat' dir='ltr'>nonnullos</span> <span class='ocrx_word' id='word_1_177' title='bbox 1239 1754 1345 1797; x_wconf 90' lang='lat' dir='ltr'>item</span> <span class='ocrx_word' id='word_1_178' title='bbox 1376 1753 1600 1796; x_wconf 85' lang='lat' dir='ltr'>antistites</span> <span class='ocrx_word' id='word_1_179' title='bbox 1630 1752 1724 1806; x_wconf 90' lang='lat' dir='ltr'>qui,</span> <span class='ocrx_word' id='word_1_180' title='bbox 1749 1760 1793 1793; x_wconf 90' lang='lat' dir='ltr'>et</span> <span class='ocrx_word' id='word_1_181' title='bbox 1823 1767 1875 1795; x_wconf 91' lang='lat' dir='ltr'>ea</span> 
     </span>
     <span class='ocr_line' id='line_1_22' title="bbox 246 1829 1876 1885; baseline -0.002 -14"><span class='ocrx_word' id='word_1_182' title='bbox 246 1844 360 1884; x_wconf 86' lang='lat' dir='ltr'>quae</span> <span class='ocrx_word' id='word_1_183' title='bbox 383 1831 573 1872; x_wconf 88' lang='lat' dir='ltr'>audiunt</span> <span class='ocrx_word' id='word_1_184' title='bbox 598 1830 868 1885; x_wconf 69' lang='lat' dir='ltr'>intelligere,</span> <span class='ocrx_word' id='word_1_185' title='bbox 895 1838 938 1873; x_wconf 88' lang='lat' dir='ltr'>et</span> <span class='ocrx_word' id='word_1_186' title='bbox 963 1831 1190 1874; x_wconf 88' lang='lat' dir='ltr'>intellecta</span> <span class='ocrx_word' id='word_1_187' title='bbox 1220 1834 1372 1885; x_wconf 89' lang='lat' dir='ltr'>(quem</span> <span class='ocrx_word' id='word_1_188' title='bbox 1404 1829 1642 1885; x_wconf 86' lang='lat' dir='ltr'>praecipue</span> <span class='ocrx_word' id='word_1_189' title='bbox 1665 1830 1720 1871; x_wconf 93' lang='lat' dir='ltr'>ad</span> <span class='ocrx_word' id='word_1_190' title='bbox 1745 1829 1876 1870; x_wconf 87' lang='lat' dir='ltr'>finem</span> 
     </span>
     <span class='ocr_line' id='line_1_23' title="bbox 246 1907 914 1961; baseline 0.003 -15"><span class='ocrx_word' id='word_1_191' title='bbox 246 1907 475 1961; x_wconf 58' lang='lat' dir='ltr'>leguntur)</span> <span class='ocrx_word' id='word_1_192' title='bbox 500 1907 662 1961; x_wconf 84' lang='lat' dir='ltr'>exequi</span> <span class='ocrx_word' id='word_1_193' title='bbox 687 1908 914 1949; x_wconf 86' lang='lat' dir='ltr'>studeant.</span> 
     </span>
    </p>

    <p class='ocr_par' dir='ltr' id='par_1_5' title="bbox 243 1982 1878 2269">
     <span class='ocr_line' id='line_1_24' title="bbox 331 1982 1877 2038; baseline -0.002 -12"><span class='ocrx_word' id='word_1_194' title='bbox 331 1998 373 2038; x_wconf 77' lang='grc'>9.</span> <span class='ocrx_word' id='word_1_195' title='bbox 449 1985 503 2025; x_wconf 82' lang='lat' dir='ltr'>Et</span> <span class='ocrx_word' id='word_1_196' title='bbox 527 1984 738 2037; x_wconf 91' lang='lat' dir='ltr'>quoniam</span> <span class='ocrx_word' id='word_1_197' title='bbox 763 1985 818 2026; x_wconf 89' lang='lat' dir='ltr'>de</span> <span class='ocrx_word' id='word_1_198' title='bbox 844 1985 1099 2026; x_wconf 88' lang='lat' dir='ltr'>auditorum</span> <span class='ocrx_word' id='word_1_199' title='bbox 1129 1993 1384 2026; x_wconf 84' lang='lat' dir='ltr'>nostrorum</span> <span class='ocrx_word' id='word_1_200' title='bbox 1414 1984 1487 2038; x_wconf 87' lang='lat' dir='ltr'>pia</span> <span class='ocrx_word' id='word_1_201' title='bbox 1520 1991 1564 2025; x_wconf 89' lang='lat' dir='ltr'>et</span> <span class='ocrx_word' id='word_1_202' title='bbox 1594 1982 1803 2038; x_wconf 83' lang='lat' dir='ltr'>religiosa</span> <span class='ocrx_word' id='word_1_203' title='bbox 1833 1982 1877 2023; x_wconf 90' lang='lat' dir='ltr'>in</span> 
     </span>
     <span class='ocr_line' id='line_1_25' title="bbox 243 2059 1878 2116; baseline -0.002 -14"><span class='ocrx_word' id='word_1_204' title='bbox 243 2061 388 2102; x_wconf 89' lang='lat' dir='ltr'>Deum</span> <span class='ocrx_word' id='word_1_205' title='bbox 425 2062 657 2102; x_wconf 88' lang='lat' dir='ltr'>uoluntate</span> <span class='ocrx_word' id='word_1_206' title='bbox 696 2061 971 2103; x_wconf 73' lang='lat' dir='ltr'>mentionem</span> <span class='ocrx_word' id='word_1_207' title='bbox 1010 2061 1108 2114; x_wconf 85' lang='lat' dir='ltr'>feci,</span> <span class='ocrx_word' id='word_1_208' title='bbox 1134 2061 1377 2116; x_wconf 81' lang='lat' dir='ltr'>adiungam</span> <span class='ocrx_word' id='word_1_209' title='bbox 1419 2061 1674 2115; x_wconf 81' lang='lat' dir='ltr'>plerosque,</span> <span class='ocrx_word' id='word_1_210' title='bbox 1700 2059 1878 2101; x_wconf 85' lang='lat' dir='ltr'>inferio-</span> 
     </span>
     <span class='ocr_line' id='line_1_26' title="bbox 244 2136 1876 2192; baseline -0.001 -15"><span class='ocrx_word' id='word_1_211' title='bbox 244 2151 339 2177; x_wconf 90' lang='lat' dir='ltr'>rum</span> <span class='ocrx_word' id='word_1_212' title='bbox 376 2137 637 2191; x_wconf 80' lang='lat' dir='ltr'>praesertim</span> <span class='ocrx_word' id='word_1_213' title='bbox 672 2137 899 2191; x_wconf 87' lang='lat' dir='ltr'>classium,</span> <span class='ocrx_word' id='word_1_214' title='bbox 935 2138 1178 2192; x_wconf 90' lang='lat' dir='ltr'>discipulos</span> <span class='ocrx_word' id='word_1_215' title='bbox 1212 2137 1497 2189; x_wconf 81' lang='lat' dir='ltr'>conuenisse,</span> <span class='ocrx_word' id='word_1_216' title='bbox 1535 2144 1582 2178; x_wconf 90' lang='lat' dir='ltr'>ut</span> <span class='ocrx_word' id='word_1_217' title='bbox 1615 2136 1876 2179; x_wconf 88' lang='lat' dir='ltr'>societatem</span> 
     </span>
     <span class='ocr_line' id='line_1_27' title="bbox 246 2212 1874 2269; baseline 0 -16"><span class='ocrx_word' id='word_1_218' title='bbox 246 2213 533 2256; x_wconf 82' lang='lat' dir='ltr'>instituerent</span> <span class='ocrx_word' id='word_1_219' title='bbox 566 2214 597 2264; x_wconf 69' lang='lat'>³,</span> <span class='ocrx_word' id='word_1_220' title='bbox 626 2228 817 2267; x_wconf 79' lang='lat' dir='ltr'>eamque</span> <span class='ocrx_word' id='word_1_221' title='bbox 849 2214 1142 2256; x_wconf 84' lang='lat' dir='ltr'>Beatissimae</span> <span class='ocrx_word' id='word_1_222' title='bbox 1175 2214 1374 2269; x_wconf 81' lang='lat' dir='ltr'>Virginis</span> <span class='ocrx_word' id='word_1_223' title='bbox 1399 2214 1564 2256; x_wconf 90' lang='lat' dir='ltr'>tutelae</span> <span class='ocrx_word' id='word_1_224' title='bbox 1587 2212 1874 2255; x_wconf 87' lang='lat' dir='ltr'>commenda-</span> 
     </span>
    </p>
   </div>
   <div class='ocr_carea' id='block_1_3' title="bbox 242 2342 1879 3036">
    <p class='ocr_par' dir='ltr' id='par_1_6' title="bbox 242 2342 1879 2861">
     <span class='ocr_line' id='line_1_28' title="bbox 312 2342 1877 2389; baseline -0.001 -12"><span class='ocrx_word' id='word_1_225' title='bbox 312 2345 324 2363; x_wconf 69' lang='lat'>4</span> <span class='ocrx_word' id='word_1_226' title='bbox 376 2344 475 2378; x_wconf 82' lang='lat' dir='ltr'>Vide</span> <span class='ocrx_word' id='word_1_227' title='bbox 491 2345 604 2388; x_wconf 84' lang='lat' dir='ltr'>epist.</span> <span class='ocrx_word' id='word_1_228' title='bbox 622 2355 682 2388; x_wconf 85' lang='lat'>90,</span> <span class='ocrx_word' id='word_1_229' title='bbox 699 2356 736 2381; x_wconf 90' lang='lat' dir='ltr'>n.</span> <span class='ocrx_word' id='word_1_230' title='bbox 757 2352 810 2378; x_wconf 85' lang='lat'>10.</span> <span class='ocrx_word' id='word_1_231' title='bbox 831 2344 1005 2388; x_wconf 79' lang='lat' dir='ltr'>Catalogi</span> <span class='ocrx_word' id='word_1_232' title='bbox 1025 2344 1272 2389; x_wconf 88' lang='lat' dir='ltr'>manuscripti</span> <span class='ocrx_word' id='word_1_233' title='bbox 1289 2343 1444 2388; x_wconf 84' lang='lat' dir='ltr'>collegii</span> <span class='ocrx_word' id='word_1_234' title='bbox 1461 2344 1727 2388; x_wconf 87' lang='lat' dir='ltr'>romani‚quos</span> <span class='ocrx_word' id='word_1_235' title='bbox 1745 2342 1877 2376; x_wconf 87' lang='lat' dir='ltr'>videre</span> 
     </span>
     <span class='ocr_line' id='line_1_29' title="bbox 244 2401 1877 2448; baseline -0.001 -12"><span class='ocrx_word' id='word_1_236' title='bbox 244 2403 451 2447; x_wconf 86' lang='lat' dir='ltr'>potuimus,</span> <span class='ocrx_word' id='word_1_237' title='bbox 474 2415 611 2437; x_wconf 90' lang='lat' dir='ltr'>nomen</span> <span class='ocrx_word' id='word_1_238' title='bbox 632 2403 746 2448; x_wconf 87' lang='lat' dir='ltr'>hujus</span> <span class='ocrx_word' id='word_1_239' title='bbox 767 2404 920 2437; x_wconf 88' lang='lat' dir='ltr'>lectoris</span> <span class='ocrx_word' id='word_1_240' title='bbox 940 2402 1138 2444; x_wconf 85' lang='lat' dir='ltr'>omittunt;</span> <span class='ocrx_word' id='word_1_241' title='bbox 1161 2414 1232 2437; x_wconf 88' lang='lat' dir='ltr'>nec</span> <span class='ocrx_word' id='word_1_242' title='bbox 1256 2402 1357 2447; x_wconf 88' lang='lat' dir='ltr'>apud</span> <span class='ocrx_word' id='word_1_243' title='bbox 1382 2402 1614 2437; x_wconf 88' lang='lat' dir='ltr'>Sacchinum</span> <span class='ocrx_word' id='word_1_244' title='bbox 1644 2401 1681 2435; x_wconf 91' lang='lat' dir='ltr'>id</span> <span class='ocrx_word' id='word_1_245' title='bbox 1708 2402 1877 2447; x_wconf 91' lang='lat' dir='ltr'>reperire</span> 
     </span>
     <span class='ocr_line' id='line_1_30' title="bbox 243 2460 1876 2507; baseline -0.001 -12"><span class='ocrx_word' id='word_1_246' title='bbox 243 2463 456 2506; x_wconf 86' lang='lat' dir='ltr'>potuimus.</span> <span class='ocrx_word' id='word_1_247' title='bbox 482 2462 627 2497; x_wconf 89' lang='lat' dir='ltr'>Forsan</span> <span class='ocrx_word' id='word_1_248' title='bbox 643 2468 748 2496; x_wconf 88' lang='lat' dir='ltr'>esset</span> <span class='ocrx_word' id='word_1_249' title='bbox 768 2463 813 2497; x_wconf 81' lang='lat' dir='ltr'>P.</span> <span class='ocrx_word' id='word_1_250' title='bbox 835 2462 1005 2507; x_wconf 87' lang='lat' dir='ltr'>Jacobus</span> <span class='ocrx_word' id='word_1_251' title='bbox 1026 2462 1184 2506; x_wconf 86' lang='lat' dir='ltr'>Acosta‚</span> <span class='ocrx_word' id='word_1_252' title='bbox 1205 2460 1402 2507; x_wconf 82' lang='lat' dir='ltr'>hispanuS‚</span> <span class='ocrx_word' id='word_1_253' title='bbox 1423 2461 1471 2495; x_wconf 86' lang='lat' dir='ltr'>de</span> <span class='ocrx_word' id='word_1_254' title='bbox 1489 2473 1565 2507; x_wconf 92' lang='lat' dir='ltr'>quo</span> <span class='ocrx_word' id='word_1_255' title='bbox 1585 2461 1624 2496; x_wconf 89' lang='lat' dir='ltr'>S.</span> <span class='ocrx_word' id='word_1_256' title='bbox 1648 2461 1876 2495; x_wconf 88' lang='lat' dir='ltr'>Franciscus</span> 
     </span>
     <span class='ocr_line' id='line_1_31' title="bbox 244 2519 1877 2566; baseline 0 -13"><span class='ocrx_word' id='word_1_257' title='bbox 244 2520 382 2564; x_wconf 78' lang='lat' dir='ltr'>Borgia</span> <span class='ocrx_word' id='word_1_258' title='bbox 399 2522 435 2555; x_wconf 90' lang='lat' dir='ltr'>in</span> <span class='ocrx_word' id='word_1_259' title='bbox 455 2521 619 2566; x_wconf 87' lang='lat' dir='ltr'>epistola</span> <span class='ocrx_word' id='word_1_260' title='bbox 638 2521 684 2555; x_wconf 91' lang='lat' dir='ltr'>ad</span> <span class='ocrx_word' id='word_1_261' title='bbox 704 2522 744 2556; x_wconf 87' lang='lat' dir='ltr'>P.</span> <span class='ocrx_word' id='word_1_262' title='bbox 769 2521 1088 2566; x_wconf 87' lang='lat' dir='ltr'>Christophorum</span> <span class='ocrx_word' id='word_1_263' title='bbox 1109 2520 1368 2564; x_wconf 85' lang='lat' dir='ltr'>Rodericium,</span> <span class='ocrx_word' id='word_1_264' title='bbox 1392 2521 1537 2554; x_wconf 89' lang='lat' dir='ltr'>Romae</span> <span class='ocrx_word' id='word_1_265' title='bbox 1560 2519 1601 2554; x_wconf 95' lang='lat'>18</span> <span class='ocrx_word' id='word_1_266' title='bbox 1621 2519 1765 2565; x_wconf 87' lang='lat' dir='ltr'>Aprilis</span> <span class='ocrx_word' id='word_1_267' title='bbox 1791 2519 1877 2562; x_wconf 84' lang='lat'>[562</span> 
     </span>
     <span class='ocr_line' id='line_1_32' title="bbox 242 2577 1878 2625; baseline 0 -14"><span class='ocrx_word' id='word_1_268' title='bbox 242 2578 342 2621; x_wconf 82' lang='lat' dir='ltr'>data⁷</span> <span class='ocrx_word' id='word_1_269' title='bbox 364 2581 429 2613; x_wconf 83' lang='lat' dir='ltr'>ait:</span> <span class='ocrx_word' id='word_1_270' title='bbox 452 2581 530 2613; x_wconf 86' lang='lat' dir='ltr'>«En</span> <span class='ocrx_word' id='word_1_271' title='bbox 551 2581 584 2614; x_wconf 90' lang='lat' dir='ltr'>el</span> <span class='ocrx_word' id='word_1_272' title='bbox 605 2579 755 2624; x_wconf 80' lang='lat' dir='ltr'>colegio</span> <span class='ocrx_word' id='word_1_273' title='bbox 775 2592 816 2615; x_wconf 91' lang='lat' dir='ltr'>se</span> <span class='ocrx_word' id='word_1_274' title='bbox 836 2581 881 2614; x_wconf 87' lang='lat' dir='ltr'>ha</span> <span class='ocrx_word' id='word_1_275' title='bbox 901 2579 1134 2624; x_wconf 77' lang='lat' dir='ltr'>comencado</span> <span class='ocrx_word' id='word_1_276' title='bbox 1153 2579 1200 2613; x_wconf 91' lang='lat' dir='ltr'>de</span> <span class='ocrx_word' id='word_1_277' title='bbox 1221 2591 1349 2613; x_wconf 90' lang='lat' dir='ltr'>nuevo</span> <span class='ocrx_word' id='word_1_278' title='bbox 1376 2580 1410 2613; x_wconf 89' lang='lat' dir='ltr'>la</span> <span class='ocrx_word' id='word_1_279' title='bbox 1435 2579 1599 2625; x_wconf 84' lang='lat' dir='ltr'>yglesia‚</span> <span class='ocrx_word' id='word_1_280' title='bbox 1628 2591 1654 2624; x_wconf 94' lang='lat' dir='ltr'><strong>y</strong></span> <span class='ocrx_word' id='word_1_281' title='bbox 1680 2581 1763 2613; x_wconf 77' lang='lat' dir='ltr'>esta</span> <span class='ocrx_word' id='word_1_282' title='bbox 1788 2577 1878 2612; x_wconf 91' lang='lat' dir='ltr'>todo</span> 
     </span>
     <span class='ocr_line' id='line_1_33' title="bbox 245 2638 1879 2682; baseline 0.001 -12"><span class='ocrx_word' id='word_1_283' title='bbox 245 2648 336 2681; x_wconf 81' lang='lat' dir='ltr'>niuy</span> <span class='ocrx_word' id='word_1_284' title='bbox 356 2639 497 2672; x_wconf 80' lang='lat' dir='ltr'>bueno.</span> <span class='ocrx_word' id='word_1_285' title='bbox 519 2639 596 2672; x_wconf 87' lang='lat' dir='ltr'>Lee</span> <span class='ocrx_word' id='word_1_286' title='bbox 617 2640 651 2673; x_wconf 90' lang='lat' dir='ltr'>el</span> <span class='ocrx_word' id='word_1_287' title='bbox 682 2640 866 2673; x_wconf 87' lang='lat' dir='ltr'>hermano</span> <span class='ocrx_word' id='word_1_288' title='bbox 892 2639 1002 2673; x_wconf 86' lang='lat' dir='ltr'>Mtro.</span> <span class='ocrx_word' id='word_1_289' title='bbox 1025 2638 1193 2672; x_wconf 86' lang='lat' dir='ltr'>Mariana</span> <span class='ocrx_word' id='word_1_290' title='bbox 1220 2650 1240 2672; x_wconf 89' lang='lat' dir='ltr'>a</span> <span class='ocrx_word' id='word_1_291' title='bbox 1266 2643 1376 2672; x_wconf 86' lang='lat' dir='ltr'>santo</span> <span class='ocrx_word' id='word_1_292' title='bbox 1401 2638 1556 2681; x_wconf 79' lang='lat' dir='ltr'>Tomas,</span> <span class='ocrx_word' id='word_1_293' title='bbox 1584 2649 1609 2682; x_wconf 94' lang='lat' dir='ltr'>y</span> <span class='ocrx_word' id='word_1_294' title='bbox 1633 2639 1668 2672; x_wconf 90' lang='lat' dir='ltr'>el</span> <span class='ocrx_word' id='word_1_295' title='bbox 1695 2638 1879 2671; x_wconf 89' lang='lat' dir='ltr'>hermano</span> 
     </span>
     <span class='ocr_line' id='line_1_34' title="bbox 246 2695 1878 2743; baseline 0 -14"><span class='ocrx_word' id='word_1_296' title='bbox 246 2697 387 2730; x_wconf 90' lang='lat' dir='ltr'>Acosta</span> <span class='ocrx_word' id='word_1_297' title='bbox 402 2708 510 2731; x_wconf 90' lang='lat' dir='ltr'>casos</span> <span class='ocrx_word' id='word_1_298' title='bbox 530 2698 576 2731; x_wconf 84' lang='lat' dir='ltr'>de</span> <span class='ocrx_word' id='word_1_299' title='bbox 596 2699 828 2743; x_wconf 75' lang='lat' dir='ltr'>emiciencia,</span> <span class='ocrx_word' id='word_1_300' title='bbox 847 2710 872 2743; x_wconf 95' lang='lat' dir='ltr'>y</span> <span class='ocrx_word' id='word_1_301' title='bbox 888 2700 921 2732; x_wconf 91' lang='lat' dir='ltr'>el</span> <span class='ocrx_word' id='word_1_302' title='bbox 943 2699 1127 2732; x_wconf 87' lang='lat' dir='ltr'>hermano</span> <span class='ocrx_word' id='word_1_303' title='bbox 1147 2697 1246 2731; x_wconf 66' lang='lat' dir='ltr'>Paez</span> <span class='ocrx_word' id='word_1_304' title='bbox 1262 2698 1316 2731; x_wconf 89' lang='lat' dir='ltr'>las</span> <span class='ocrx_word' id='word_1_305' title='bbox 1333 2697 1635 2731; x_wconf 82' lang='lat' dir='ltr'>controversias.</span> <span class='ocrx_word' id='word_1_306' title='bbox 1662 2697 1748 2730; x_wconf 93' lang='lat' dir='ltr'>Dan</span> <span class='ocrx_word' id='word_1_307' title='bbox 1767 2695 1878 2730; x_wconf 85' lang='lat' dir='ltr'>satis-</span> 
     </span>
     <span class='ocr_line' id='line_1_35' title="bbox 244 2754 1877 2803; baseline 0 -16"><span class='ocrx_word' id='word_1_308' title='bbox 244 2754 405 2798; x_wconf 64' lang='lat' dir='ltr'>faccffin,</span> <span class='ocrx_word' id='word_1_309' title='bbox 427 2768 451 2800; x_wconf 95' lang='lat' dir='ltr'>y</span> <span class='ocrx_word' id='word_1_310' title='bbox 465 2767 536 2790; x_wconf 88' lang='lat' dir='ltr'>con</span> <span class='ocrx_word' id='word_1_311' title='bbox 553 2759 682 2798; x_wconf 73' lang='lat' dir='ltr'>razon,</span> <span class='ocrx_word' id='word_1_312' title='bbox 700 2768 844 2803; x_wconf 87' lang='lat' dir='ltr'>porque</span> <span class='ocrx_word' id='word_1_313' title='bbox 860 2768 924 2790; x_wconf 83' lang='lat' dir='ltr'>era</span> <span class='ocrx_word' id='word_1_314' title='bbox 939 2756 987 2790; x_wconf 89' lang='lat' dir='ltr'>de</span> <span class='ocrx_word' id='word_1_315' title='bbox 1007 2757 1043 2790; x_wconf 93' lang='lat' dir='ltr'>lo</span> <span class='ocrx_word' id='word_1_316' title='bbox 1061 2755 1232 2800; x_wconf 83' lang='lat' dir='ltr'>granado</span> <span class='ocrx_word' id='word_1_317' title='bbox 1246 2755 1294 2789; x_wconf 89' lang='lat' dir='ltr'>de</span> <span class='ocrx_word' id='word_1_318' title='bbox 1312 2756 1474 2800; x_wconf 78' lang='lat' dir='ltr'>Espafia.</span> <span class='ocrx_word' id='word_1_319' title='bbox 1493 2756 1600 2790; x_wconf 90' lang='lat' dir='ltr'>Anse</span> <span class='ocrx_word' id='word_1_320' title='bbox 1616 2756 1739 2790; x_wconf 89' lang='lat' dir='ltr'>hecho</span> <span class='ocrx_word' id='word_1_321' title='bbox 1754 2765 1877 2799; x_wconf 65' lang='lat' dir='ltr'>sacer-</span> 
     </span>
     <span class='ocr_line' id='line_1_36' title="bbox 246 2813 1175 2861; baseline 0.004 -16"><span class='ocrx_word' id='word_1_322' title='bbox 246 2813 355 2847; x_wconf 82' lang='lat' dir='ltr'>dotes</span> <span class='ocrx_word' id='word_1_323' title='bbox 374 2825 559 2857; x_wconf 69' lang='lat' dir='ltr'>agora...»</span> <span class='ocrx_word' id='word_1_324' title='bbox 582 2816 618 2849; x_wconf 82' lang='lat' dir='ltr'>S.</span> <span class='ocrx_word' id='word_1_325' title='bbox 642 2816 787 2850; x_wconf 81' lang='lat' dir='ltr'>Franc.</span> <span class='ocrx_word' id='word_1_326' title='bbox 812 2817 981 2861; x_wconf 71' lang='lat' dir='ltr'>Borgia,</span> <span class='ocrx_word' id='word_1_327' title='bbox 1004 2815 1074 2858; x_wconf 81' lang='grc' dir='ltr'>ΙΙΙ,</span> <span class='ocrx_word' id='word_1_328' title='bbox 1093 2814 1175 2858; x_wconf 86' lang='grc'>684.</span> 
     </span>
    </p>

    <p class='ocr_par' dir='ltr' id='par_1_7' title="bbox 247 2872 1878 3036">
     <span class='ocr_line' id='line_1_37' title="bbox 316 2872 1877 2920; baseline 0.001 -16"><span class='ocrx_word' id='word_1_329' title='bbox 316 2872 328 2890; x_wconf 81' lang='lat'>⁵</span> <span class='ocrx_word' id='word_1_330' title='bbox 379 2873 476 2906; x_wconf 85' lang='lat' dir='ltr'>Vide</span> <span class='ocrx_word' id='word_1_331' title='bbox 501 2874 614 2918; x_wconf 79' lang='lat' dir='ltr'>epist.</span> <span class='ocrx_word' id='word_1_332' title='bbox 642 2874 701 2917; x_wconf 78' lang='lat'>80,</span> <span class='ocrx_word' id='word_1_333' title='bbox 731 2886 769 2910; x_wconf 92' lang='lat' dir='ltr'>n.</span> <span class='ocrx_word' id='word_1_334' title='bbox 795 2885 829 2919; x_wconf 88' lang='lat'>9,</span> <span class='ocrx_word' id='word_1_335' title='bbox 859 2874 896 2909; x_wconf 90' lang='lat' dir='ltr'>in</span> <span class='ocrx_word' id='word_1_336' title='bbox 922 2886 997 2920; x_wconf 89' lang='lat' dir='ltr'>quo</span> <span class='ocrx_word' id='word_1_337' title='bbox 1021 2875 1141 2919; x_wconf 90' lang='lat' dir='ltr'>prima</span> <span class='ocrx_word' id='word_1_338' title='bbox 1167 2873 1386 2908; x_wconf 88' lang='lat' dir='ltr'>rudimenta</span> <span class='ocrx_word' id='word_1_339' title='bbox 1410 2873 1725 2917; x_wconf 85' lang='lat' dir='ltr'>congregationis</span> <span class='ocrx_word' id='word_1_340' title='bbox 1746 2872 1877 2906; x_wconf 86' lang='lat' dir='ltr'>maria-</span> 
     </span>
     <span class='ocr_line' id='line_1_38' title="bbox 247 2929 1878 2978; baseline 0 -14"><span class='ocrx_word' id='word_1_341' title='bbox 247 2940 318 2964; x_wconf 91' lang='lat' dir='ltr'>nae</span> <span class='ocrx_word' id='word_1_342' title='bbox 337 2931 488 2974; x_wconf 84' lang='lat' dir='ltr'>collegii</span> <span class='ocrx_word' id='word_1_343' title='bbox 509 2933 654 2966; x_wconf 88' lang='lat' dir='ltr'>romani</span> <span class='ocrx_word' id='word_1_344' title='bbox 669 2933 932 2968; x_wconf 83' lang='lat' dir='ltr'>inveniuntur.</span> <span class='ocrx_word' id='word_1_345' title='bbox 956 2933 1048 2978; x_wconf 88' lang='lat' dir='ltr'>Ejus</span> <span class='ocrx_word' id='word_1_346' title='bbox 1068 2932 1176 2978; x_wconf 88' lang='lat' dir='ltr'>origo</span> <span class='ocrx_word' id='word_1_347' title='bbox 1194 2932 1334 2977; x_wconf 88' lang='lat' dir='ltr'>Joanni</span> <span class='ocrx_word' id='word_1_348' title='bbox 1354 2932 1499 2966; x_wconf 87' lang='lat' dir='ltr'>Leonio</span> <span class='ocrx_word' id='word_1_349' title='bbox 1518 2931 1710 2975; x_wconf 89' lang='lat' dir='ltr'>(L-eunis),</span> <span class='ocrx_word' id='word_1_350' title='bbox 1738 2929 1878 2965; x_wconf 87' lang='lat' dir='ltr'>flando-</span> 
     </span>
     <span class='ocr_line' id='line_1_39' title="bbox 247 2989 1877 3036; baseline 0.001 -14"><span class='ocrx_word' id='word_1_351' title='bbox 247 2989 405 3033; x_wconf 79' lang='lat' dir='ltr'>belgae,</span> <span class='ocrx_word' id='word_1_352' title='bbox 439 2989 592 3023; x_wconf 89' lang='lat' dir='ltr'>infimae</span> <span class='ocrx_word' id='word_1_353' title='bbox 623 2990 927 3025; x_wconf 88' lang='lat' dir='ltr'>rudimentorum</span> <span class='ocrx_word' id='word_1_354' title='bbox 960 2991 1236 3036; x_wconf 85' lang='lat' dir='ltr'>grammaticae</span> <span class='ocrx_word' id='word_1_355' title='bbox 1268 2991 1404 3026; x_wconf 87' lang='lat' dir='ltr'>classis</span> <span class='ocrx_word' id='word_1_356' title='bbox 1437 2990 1643 3036; x_wconf 85' lang='lat' dir='ltr'>professori</span> <span class='ocrx_word' id='word_1_357' title='bbox 1674 2989 1877 3024; x_wconf 86' lang='lat' dir='ltr'>tribuitur.</span> 
     </span>
    </p>
   </div>
  </div>
 </body>
</html>
