1971 3276
284 247 351 291 298
782 245 969 280 POLANOE
1007 252 1321 278 COMPLEMENTA

233 362 390 390 mones
419 347 632 398 audisset,
666 345 834 388 tamdiu
864 345 947 387 sibi
978 344 1125 386 uisum
1155 358 1253 387 esse
1283 344 1397 386 inter
1420 343 1684 398 angelorum
1710 349 1865 385 coetus

235 424 424 475 uersari;
451 438 598 478 neque
628 438 652 464 a
681 421 845 463 nostris
876 422 948 464 uel
971 421 1110 463 latum
1141 434 1341 474 unguem
1371 419 1577 463 discessit
1606 419 1865 474 priusquam

237 501 292 542 de
316 499 435 542 uitae
459 498 707 541 mutatione
742 504 981 549 statueret3
1008 497 1137 538 cuius
1166 496 1342 537 initium
1376 511 1401 537 a
1433 495 1716 538 confessione
1752 495 1864 536 face-

233 592 280 620 re
308 576 463 629 uoluit,
491 590 576 629 qua
602 575 824 628 absoluta,
851 588 953 615 cum
974 573 1190 628 pecunias
1209 586 1319 626 quas
1338 573 1555 615 offerebat
1580 587 1603 613 a
1631 572 1863 614 confessa-

235 653 298 694 rio
325 651 546 707 repudiari
571 650 762 703 uideret,
796 664 1006 705 magnam
1037 664 1091 692 ex
1115 649 1213 703 ejus
1238 649 1299 691 rei
1324 649 1525 691 nouitate
1549 647 1698 703 coepit
1729 647 1866 689 admi·

234 730 465 780 rationem,
504 735 548 770 et
577 727 793 782 singulari
820 727 997 768 cuidam
1022 725 1196 777 uirtuti,
1226 739 1278 768 ac
1304 725 1477 780 priscae
1496 724 1724 767 sanctitati
1744 726 1867 767 hunc

235 805 455 861 pecuniae
493 811 800 858 contemptum
841 796 1129 846 tribuendum
1171 801 1362 857 putauit.
1411 804 1600 844 Postero
1648 815 1757 843 uero
1796 801 1867 843 die

234 897 285 925 ea
323 896 410 936 qua
439 880 591 923 decuit
623 880 916 923 ueneratione
945 886 989 921 et
1021 878 1252 934 religione,
1285 879 1340 920 ad
1373 885 1703 920 sacrosanctam
1736 891 1865 933 syna-

235 959 321 1000 xim
357 958 562 1009 accessit;
600 957 704 999 inde
737 957 793 998 ad
826 956 1067 1011 septimum
1108 955 1279 998 miliare
1313 955 1395 997 iter
1436 969 1523 997 una
1567 968 1861 1010 prosequens,

233 1050 322 1090 quo
345 1035 514 1076 diutius
544 1033 824 1075 suauissimis
854 1042 1111 1075 nostrorum
1141 1032 1425 1075 sermonibus
1456 1032 1696 1082 frueretur,
1731 1045 1867 1088 aegre

234 1112 413 1155 tandem
438 1112 494 1153 ab
516 1111 600 1152 illis
626 1111 811 1153 auulsus
834 1117 916 1152 est.
947 1109 1170 1152 Postridie
1194 1123 1370 1150 summo
1394 1122 1523 1151 mane
1547 1108 1630 1150 iter
1652 1107 1862 1163 ingressi,

234 1188 451 1231 rusticum
476 1188 706 1243 reperiunt
730 1187 775 1228 in
800 1201 974 1229 summa
1002 1186 1094 1230 ueri
1118 1185 1401 1241 ignoratione
1431 1192 1475 1228 et
1505 1184 1769 1227 densissima
1799 1199 1864 1227 er-

234 1281 386 1307 rorum
423 1265 617 1320 caligine
653 1265 940 1319 tenebrisque
974 1265 1245 1314 demersum;
1283 1277 1385 1304 cum
1422 1277 1511 1304 non
1546 1263 1683 1305 alium
1720 1261 1865 1304 Deum

234 1357 365 1397 quarn
392 1343 529 1383 solem
555 1349 824 1396 agnosceret
847 1349 891 1383 et
921 1341 1228 1391 confiteretur,
1260 1339 1390 1380 cuius
1420 1346 1533 1380 nutu
1562 1352 1614 1380 ac
1647 1344 1866 1393 potestate

235 1434 380 1462 rerum
407 1418 679 1461 uniuersitas
709 1426 959 1472 regeretur3
991 1431 1124 1471 quam
1155 1417 1212 1457 ob
1242 1430 1423 1458 causam
1455 1414 1611 1458 merito
1641 1415 1765 1456 illum
1791 1430 1864 1457 ex-

234 1496 451 1538 orientem
477 1502 521 1536 et
545 1495 825 1536 occidentem
849 1508 896 1536 se
922 1493 1143 1542 uenerari,
1165 1500 1208 1535 et
1232 1492 1368 1534 huius
1387 1492 1537 1534 cultus
1559 1505 1610 1533 ac
1635 1491 1866 1546 religionis

232 1572 392 1626 gratia,
427 1572 591 1627 septies
621 1572 868 1613 orationem
899 1570 1166 1612 dominicam
1197 1577 1241 1612 et
1269 1569 1581 1612 salutationem
1612 1568 1864 1624 angelicam

231 1649 450 1703 quottidie
473 1649 622 1691 dicere
646 1649 826 1690 solitum
851 1647 1119 1689 affirmabat·
1144 1646 1312 1698 Nostri,
1341 1654 1427 1688 tam
1459 1645 1766 1687 incredibilem
1796 1660 1864 1687 er-

230 1740 375 1769 rorem
401 1740 481 1768 seu
501 1725 651 1780 potius
674 1732 903 1779 stuporem
928 1723 1148 1778 demirati‚
1170 1723 1396 1765 hominem
1421 1721 1662 1777 diligenter
1686 1721 1864 1765 erudire

229 1810 495 1857 coeperunt,
523 1809 566 1845 et
591 1816 749 1844 uerum
776 1800 869 1843 ueri
894 1800 977 1843 Dei
1001 1801 1172 1842 cultum
1197 1800 1375 1851 docere,
1403 1813 1545 1853 usque
1576 1813 1630 1840 eo
1660 1799 1766 1839 dum
1792 1797 1864 1839 ille

229 1879 467 1933 cognitum
503 1892 700 1921 errorem
735 1879 988 1927 detestans,
1027 1885 1070 1918 et
1110 1876 1338 1919 Christum
1374 1877 1520 1918 lesum
1560 1875 1783 1916 confitens
1821 1880 1866 1916 et

228 1955 440 2010 adorans,
469 1969 578 1998 suae
602 1954 888 2010 ignorantiae
911 1962 955 1995 et
979 1953 1152 2008 peccati
1177 1952 1353 1994 ueniam
1378 1951 1571 1993 maximo
1594 1951 1749 1993 dolore
1773 1950 1864 1992 ani-

230 2031 290 2072 mi
315 2032 646 2085 deprecaretur.
676 2031 842 2073 Multos
867 2044 1014 2084 porro,
1041 2029 1086 2071 in
1109 2028 1353 2084 primisque
1385 2029 1641 2072 sacerdotes
1665 2042 1777 2082 quos
1801 2027 1863 2068 ni—

229 2108 318 2149 mia
342 2108 524 2149 uiuendi
549 2107 729 2150 licentia
753 2114 796 2148 et
823 2106 970 2161 prauis
995 2105 1194 2148 moribus
1225 2113 1462 2160 corruptos
1493 2113 1536 2147 et
1570 2103 1690 2146 uitiis
1720 2103 1862 2158 inqui—

231 2192 358 2226 natos
382 2198 480 2226 esse
504 2183 843 2235 intellexissent,
876 2197 968 2234 eos,
996 2182 1144 2236 quoad
1173 2182 1269 2224 eius
1299 2182 1395 2223 fieri
1427 2189 1615 2236 poterat,
1642 2181 1698 2222 ad
1727 2182 1863 2221 hone-

230 2269 389 2303 statem
413 2269 456 2302 et
481 2260 769 2315 probitatem,
797 2274 930 2315 quam
953 2258 1193 2301 sacerdotii
1218 2258 1417 2313 dignitas
1442 2257 1710 2312 postulabat,
1736 2271 1864 2299 reuo-

228 2352 333 2380 care
357 2338 710 2379 contendebant.
738 2336 802 2378 Illi
826 2350 936 2378 uero
968 2343 1056 2377 tam
1081 2335 1353 2377 salutaribus
1377 2334 1556 2376 monitis
1579 2333 1864 2387 consiliisque

233 2415 431 2465 excitati,
470 2414 628 2469 prioris
663 2414 782 2455 uitae
813 2414 1030 2456 rationem
1063 2411 1372 2466 repudiabant,
1406 2410 1643 2465 conquesti
1672 2424 1721 2452 se
1751 2424 1863 2451 nun-

227 2505 361 2544 quam
387 2499 517 2532 antea
541 2492 651 2532 tales
676 2505 848 2532 morum
874 2489 1113 2544 magistros
1132 2496 1174 2531 et
1201 2487 1444 2530 monitores
1462 2487 1689 2529 habuisse.
1712 2486 1860 2530 Socie-

231 2574 345 2609 tates
369 2582 550 2622 quoque
575 2568 749 2622 piorum
773 2566 1006 2608 hominum
1030 2579 1144 2619 quae
1163 2572 1208 2607 et
1231 2564 1275 2605 in
1296 2564 1508 2618 pristinae
1532 2562 1762 2617 religionis
1785 2563 1859 2604 ob·

230 2644 531 2686 seruationem
554 2643 650 2700 [sic]
671 2651 716 2687 et
734 2644 859 2685 cultu
878 2641 1047 2694 diuino,
1068 2641 1379 2683 dissolutiores
1396 2640 1482 2682 iam
1504 2639 1787 2691 uidebantur,
1808 2640 1864 2681 ad

229 2720 395 2761 auitam
422 2720 633 2775 pietatem
657 2728 701 2763 et
731 2718 1012 2774 uigilantiam
1045 2717 1314 2767 excitarunt,
1341 2716 1607 2770 illarumque
1637 2715 1861 2770 praeposi-

231 2795 285 2838 tis
310 2796 505 2838 rationes
523 2797 739 2850 quasdam
758 2795 829 2851 pie
852 2796 1058 2849 beneque
1082 2793 1264 2836 uiuendi
1288 2807 1339 2835 ac
1362 2792 1508 2834 socios
1526 2791 1712 2833 iuuandi
1738 2805 1860 2846 prae-

231 2871 524 2926 scripserunt.
552 2873 642 2914 Alii
668 2886 776 2914 uero
799 2887 902 2914 cum
927 2873 984 2914 ob
1007 2870 1168 2912 nimias
1191 2869 1405 2923 lusiones,
1432 2876 1476 2910 et
1500 2868 1545 2909 in
1575 2871 1722 2911 Deum
1748 2867 1860 2923 opti-

230 2961 353 2988 mum
391 2948 634 2989 maximum
671 2956 943 3003 sanctosque
979 2961 1093 3002 pene
1123 2959 1279 2988 omnes
1313 2944 1576 2999 maledicta,
1611 2943 1862 2987 amantissi-

230 3023 313 3065 mis
346 3023 494 3066 uerbis
523 3024 802 3079 reprehensi,
837 3023 977 3065 nihilo
996 3023 1145 3065 minus
1173 3037 1199 3064 a
1227 3022 1332 3064 ludo
1355 3021 1640 3072 desisterent,
1665 3020 1726 3062 ibi
1754 3028 1862 3062 tunc
