1971 3276
296 224 364 268 530
793 226 981 261 POLANC1
1007 234 1324 261 COMPLEMENTA

249 335 385 379 terea,
411 327 447 369 si
471 327 546 382 qui
571 334 719 369 tamen
743 327 1038 383 promouendi
1061 335 1192 369 erunt
1215 342 1269 369 ex
1293 326 1471 378 vestris,
1499 334 1598 368 utar
1615 341 1667 369 ea
1691 327 1876 369 faculta-

249 412 305 456 te,
329 418 461 459 quam
485 404 549 446 eis
572 403 778 446 concedit
803 405 941 446 Rdus.
974 406 1104 446 Pater
1127 404 1336 447 vicarius.

337 493 376 523 2.
445 483 513 523 De
531 480 757 524 Societate
779 489 924 523 vestra
954 480 1131 523 Vilnam
1155 481 1444 534 deducenda,
1470 481 1669 524 intellexi
1703 481 1875 535 pridem

246 573 299 601 ex
323 558 505 600 domino
527 557 711 608 nuncio,
737 557 816 599 sed
836 571 942 599 num
961 558 1129 612 aliquid
1148 557 1205 599 sit
1223 558 1331 600 certi
1351 558 1668 608 constitutum,
1694 557 1873 612 ignoro.

248 635 551 688 Posteaquam
585 634 684 688 plus
714 635 841 676 fuero
873 634 959 676 ocii
996 643 1323 689 consequutus,
1363 633 1442 677 Ρ.ῐὶ
1471 635 1568 677 V.³²
1605 632 1874 677 sententiam

246 725 389 752 meam
414 709 687 766 perscribam
712 709 744 761 ²,
771 719 993 754 secretum
1018 719 1167 753 autem
1193 712 1238 752 id
1255 711 1339 754 erit
1357 712 1476 766 apud
1500 726 1586 754 me.
1609 711 1748 765 Quod
1770 724 1879 751 uero

245 788 301 829 ad
325 801 394 829 me
417 800 652 829 censuram
676 786 845 830 miserit
869 787 1021 843 scripti
1046 787 1164 830 illius
1187 788 1405 830 aduersus
1430 787 1683 843 tygurinos,
1711 787 1833 841 quod
1852 801 1876 827 a

245 864 473 918 theologis
505 864 665 907 vestris
697 864 787 920 legi
821 865 1044 916 uolebam,
1080 879 1169 919 ago
1208 865 1257 908 P.
1295 864 1350 907 V.
1392 864 1576 919 gratias.
1612 865 1698 905 Per
1727 863 1874 905 ocium

244 941 494 996 expendam
523 940 672 983 omnia
704 941 960 996 diligenter.
997 943 1038 984 A
1069 956 1156 996 qua
1181 949 1301 996 peto,
1336 949 1385 983 ut
1413 955 1494 983 nos
1518 940 1592 982 hic
1620 941 1878 982 laborantes

244 1018 336 1060 suis
364 1026 408 1060 et
441 1031 626 1060 suorum
656 1017 935 1061 orationibus
966 1019 1084 1073 apud
1118 1020 1263 1060 Deum
1304 1017 1444 1061 iuuet.
1480 1017 1616 1072 Quod
1656 1023 1876 1071 superest,

243 1102 347 1150 opto
374 1097 423 1137 P.
453 1096 506 1137 V.
535 1094 610 1136 diu
635 1095 748 1137 bene
773 1095 937 1138 ualere.
966 1096 1131 1137 Datum
1160 1095 1442 1137 Petricouiae
1472 1094 1545 1136 die
1567 1094 1733 1136 XVIIII
1758 1095 1877 1136 Mar-

243 1171 289 1212 tii
313 1186 433 1214 anno
458 1172 733 1214 M.D.LXV.

324 1250 373 1290 P.
402 1249 457 1290 V.
487 1249 622 1292 frater
645 1248 690 1290 in
720 1248 918 1303 Christo,

1029 1325 1175 1369 STAN.
1211 1339 1352 1368 CARD.
1389 1338 1695 1368 VARMIENSIS.

328 1402 433 1443 Alia
458 1415 615 1445 manu.
656 1403 721 1444 De
750 1401 968 1457 petitione
1001 1401 1210 1456 caesaris,
1247 1401 1292 1442 id
1325 1409 1393 1444 est
1423 1401 1636 1456 coniugio
1665 1402 1877 1444 socerdo—

240 1486 352 1533 tum,
378 1478 570 1520 scribam
594 1477 719 1529 alias,
745 1491 865 1519 nunc
888 1478 1006 1520 enim
1031 1492 1120 1519 non
1147 1485 1292 1520 vacat.

331 1555 587 1610 Inscriptio,
627 1555 738 1597 Rdo.
776 1554 824 1596 In
857 1554 1040 1597 Christo
1073 1554 1211 1609 Patri,
1253 1554 1434 1596 domino
1459 1554 1623 1611 Joanni
1659 1555 1872 1606 Polaneo,

240 1645 392 1673 sacrae
436 1631 689 1687 theologiae
727 1631 917 1685 doctori,
960 1631 1200 1674 Societatis
1226 1632 1335 1688 Jesu
1375 1631 1659 1683 cancellario,
1691 1619 1798 1684 etc.,
1832 1631 1875 1672 in

238 1707 420 1749 Christo
443 1707 707 1749 charissimo
731 1715 775 1750 et
799 1707 1163 1750 honoratissimo.
1195 1709 1376 1749 Romae.

500 1960 642 1997 OTTO
670 1961 974 1996 TRUCHSESS
1002 1960 1325 1996 CARDINALIS
1354 1960 1603 1997 POLANCO

691 2064 890 2091 AUGUSTA
921 2063 957 2088 11
988 2064 1248 2090 SEPTEMBRIS
1280 2057 1369 2099 1565
1398 2056 1422 2090 ¹.

414 2149 598 2184 Oltonem
618 2150 664 2184 de
693 2149 898 2190 Wezlbaclz‚
923 2150 1091 2184 nobilem
1111 2149 1412 2190 adolescentem,
1436 2151 1704 2184 commendat.

329 2246 441 2288 Rdo.
472 2246 632 2300 Padre,
659 2259 787 2287 come
807 2246 980 2287 fratello
1005 2253 1161 2286 nostro
1183 2244 1226 2286 in
1247 2246 1364 2299 Xpo.
1389 2245 1681 2288 L’exhibitor'
1702 2246 1746 2287 di
1765 2260 1872 2300 que-

237 2329 304 2363 sta
328 2324 427 2365 sara
452 2325 525 2363 un’
553 2322 751 2377 giouane
776 2321 940 2372 nobile,
967 2322 1090 2364 detto
1115 2322 1242 2364 Otho
1267 2322 1322 2364 de
1346 2321 1600 2373 Weilhach,
1627 2322 1798 2378 figliolo
1830 2323 1873 2364 di

240 2400 312 2440 un'
331 2399 603 2454 eonsigliero
627 2399 696 2441 del
722 2398 878 2453 signor
896 2398 1010 2440 duca
1034 2397 1076 2439 di
1100 2398 1289 2440 Bauiera
1317 2397 1349 2449 ²,
1375 2400 1458 2440 che
1481 2399 1524 2440 lo
1549 2400 1710 2441 manda
1733 2414 1758 2441 a
1783 2408 1875 2441 stu-

238 2475 363 2517 diare
390 2475 460 2517 nel
490 2475 687 2529 collegio
712 2475 989 2530 germaniCO,
1026 2488 1109 2516 con
1141 2474 1404 2516 confidenza
1433 2476 1516 2516 che
1546 2475 1670 2529 quiui
1701 2476 1766 2518 sia
1798 2490 1874 2532 per

236 2551 331 2591 dar’
358 2565 509 2605 opera,
537 2565 625 2592 non
650 2552 748 2593 solo
773 2552 855 2593 alle
879 2552 1053 2600 lettere,
1081 2565 1150 2592 ma
1174 2565 1336 2592 ancora
1359 2551 1432 2593 alli
1458 2552 1649 2593 costumi
1675 2553 1873 2595 laudabi-

238 2626 280 2676 li,
308 2635 351 2669 et
375 2627 416 2668 di
444 2627 535 2669 uita
553 2627 812 2668 christiana.
842 2628 895 2668 Et
921 2642 996 2681 per
1020 2628 1154 2669 esser'
1180 2635 1340 2680 questo
1363 2627 1558 2682 giouane
1582 2636 1700 2669 stato
1724 2630 1871 2670 leuato

238 2715 314 2755 per
341 2717 470 2745 nome
492 2713 645 2745 nostro
668 2704 738 2744 dal
762 2717 889 2745 sacro
913 2704 1154 2756 battesmo‚
1177 2711 1221 2745 et
1245 2704 1385 2745 hauer
1410 2703 1480 2744 noi
1513 2705 1648 2746 molta
1675 2705 1873 2746 affettio-

309 2877 320 2895 ²
372 2877 430 2911 Cf.
458 2878 581 2922 Esn'st.
604 2879 651 2915 P.
673 2878 819 2919 Nadal,
843 2878 889 2923 ΙΙ,
913 2880 1084 2922 672-6743
1107 2884 1188 2912 tum
1208 2878 1319 2923 ibid„
1341 2886 1424 2921 525.

307 2960 316 2977 ¹
374 2959 426 2992 Ex
447 2961 656 3005 archetypo
676 2961 712 2995 in
732 2961 865 2995 codice
888 2962 1012 3005 Epist.
1034 2960 1206 3001 cardin„
1230 2968 1249 2993 2
1269 2960 1326 3004 ff,
1350 2951 1386 2995 η’.
1411 2968 1489 3005 125,
1511 2962 1615 3007 prius
1634 2962 1693 2998 68.

312 3017 324 3035 '2
377 3017 564 3052 Albertus
584 3019 631 3053 V.
