1971 3276
751 200 1002 226 PROOEMIUM
1588 201 1669 226 XXV

178 296 286 338 Rem
311 307 417 335 vero
440 293 638 349 apprime
661 298 938 347 exsequutus
966 298 1034 334 est
1066 292 1301 343 AsTRAIN,
1329 292 1716 335 Constitutionum

88 370 289 426 genesim
313 369 565 412 dilucidans
588 369 639 411 ⁸⁸.

176 448 270 490 Nec
301 446 748 502 praetermittendum
777 444 898 498 quod
931 444 1290 486 Constitutiones
1326 444 1550 486 Polancus
1584 445 1718 488 latine

89 525 351 575 reddiderit,
387 539 530 579 eaque
566 522 711 566 versio
742 523 926 577 probata
960 537 983 564 a
1019 521 1374 576 congregatione
1409 522 1446 576 Ι,
1486 528 1532 563 ut
1570 528 1720 564 textus

89 602 339 644 communis
362 609 422 653 et,
449 601 511 643 sic
535 600 696 651 dicam,
718 599 921 642 officialis
946 599 1079 642 fuerit
1103 598 1152 640 ⁸⁹.

524 806 924 849 IV.—INSTANT1S
958 818 1116 849 semet
1150 818 1294 848 RATIO

178 961 287 1015 Ejus
304 960 534 1003 materiam
553 960 597 1000 in
618 959 776 1014 triplex
800 968 933 1013 caput
956 959 1285 1013 dispertiemur:
1314 972 1502 1012 quarum
1528 958 1720 1012 primum

90 1036 316 1091 epistolas,
342 1037 532 1079 alterum
557 1035 836 1078 narrationes
860 1035 1111 1085 historicas,
1140 1035 1319 1076 tertium
1343 1034 1562 1076 didactica
1589 1034 1721 1088 potis·

93 1112 254 1155 simum
279 1112 543 1155 continebit.

180 1191 234 1231 Et
252 1203 306 1231 ex
325 1189 526 1244 epistolis
545 1188 741 1242 quidem,
754 1188 865 1230 aliae
884 1188 1133 1243 peculiares
1148 1194 1253 1228 sunt
1274 1186 1453 1229 Polanci
1472 1188 1582 1239 (turn
1603 1187 1719 1240 quod

90 1267 145 1308 ad
169 1265 532 1321 consanguineos
556 1265 612 1308 de
639 1266 774 1308 rebus
793 1264 1053 1307 domesticis
1076 1265 1172 1306 illas
1196 1264 1356 1317 mittat,
1385 1272 1477 1305 tum
1504 1264 1624 1317 quod
1648 1278 1722 1306 eas

93 1351 140 1384 ut
171 1342 370 1397 privatus
400 1341 586 1395 quilibet
609 1341 810 1396 scribat);
838 1341 951 1383 aliae
974 1342 1030 1382 ad
1059 1341 1157 1395 ejus
1185 1355 1372 1383 munera
1403 1339 1629 1382 secretarii
1653 1340 1721 1381 vel

92 1419 396 1474 procuratoris
419 1417 663 1473 pertinent;
691 1419 933 1461 nonnullae
957 1418 1011 1459 ad
1029 1418 1175 1472 ipsum
1199 1418 1344 1459 datae.
1368 1418 1430 1459 At
1453 1423 1625 1471 praeter
1648 1430 1723 1459 eas

92 1511 206 1552 quae
245 1495 385 1551 primo
423 1494 581 1550 generi
611 1495 931 1545 adscribimus,
974 1494 1170 1548 reliquae
1209 1494 1449 1536 admodum
1489 1493 1723 1547 imperfec-

92 1583 185 1617 tum
209 1589 373 1630 corpus
398 1574 584 1628 faciunt,
612 1586 766 1628 quum,
804 1572 920 1615 sicut
945 1588 969 1615 a
1004 1571 1226 1628 principio
1250 1571 1524 1621 monuimus,
1560 1571 1604 1611 in
1631 1570 1724 1611 Mo-

92 1652 323 1694 numentis
350 1652 627 1707 Ignatianis,
653 1650 699 1692 in
721 1650 971 1691 Laim'mzis
994 1657 1038 1692 et
1072 1649 1116 1690 in
1151 1648 1248 1690 aliis
1282 1647 1422 1689 nostri
1446 1647 1593 1700 operis
1618 1661 1715 1700 par-

93 1728 212 1770 tibus
235 1727 621 1782 frequentissimas
652 1726 925 1769 ediderimus
950 1726 1120 1767 litteras
1149 1724 1347 1767 Polanci:
1374 1733 1424 1764 ut
1457 1723 1739 1766 collectitiae.

93 1819 204 1859 quas
237 1818 358 1847 nunc
382 1805 505 1858 prelo
544 1804 823 1856 mandamus,
852 1802 1001 1857 potius
1040 1802 1246 1853 residuae
1284 1801 1503 1842 dicendae
1533 1814 1632 1842 esse
1661 1799 1725 1839 vi-

92 1882 300 1924 deantur.

182 1957 234 1999 Ei
251 1957 385 1999 etiam
406 1956 517 2012 parti
537 1956 803 2011 copulamus
821 1955 989 2009 aliquot
1007 1955 1219 2009 epistolas
1236 1956 1301 2009 (ut
1321 1954 1394 2006 72,
1423 1953 1497 2005 74,
1523 1953 1595 2005 80,
1615 1954 1726 2004 ete.)

93 2049 208 2089 quae
226 2033 332 2077 licet
351 2032 535 2075 Polanci
554 2047 644 2074 non
664 2033 769 2087 sint,
792 2040 972 2087 propter
990 2031 1088 2086 ejus
1106 2030 1354 2073 absentiam
1374 2037 1452 2072 aut
1475 2029 1605 2070 simili
1624 2042 1726 2071 cau-

93 2125 141 2153 sa
170 2111 254 2153 alio
284 2118 410 2165 patre
433 2117 564 2152 natae
594 2116 716 2164 sunt,
744 2116 789 2151 et
818 2108 1111 2163 epistolarum
1148 2106 1331 2149 Polanci
1362 2106 1579 2149 dicendae
1608 2119 1726 2147 com-

94 2188 387 2242 plementum.

182 2264 243 2306 Ut
262 2277 394 2317 porro
412 2263 541 2306 facile
558 2261 719 2316 conjici
744 2268 932 2316 poterat,
959 2274 1047 2302 non
1075 2274 1212 2301 unum
1238 2267 1306 2301 est
1330 2266 1467 2313 atque
1490 2258 1604 2301 idem
1626 2273 1725 2312 pre·

95 2339 204 2381 tium
230 2339 363 2394 hujus
388 2339 525 2393 partis
543 2345 1073 2388 monumentorum„non
1096 2336 1214 2379 idem
1238 2336 1453 2378 studium:
1475 2335 1554 2377 sed
1578 2340 1728 2376 manet

94 2429 176 2457 sua
202 2415 366 2469 cuique
396 2429 476 2470 pro
506 2422 553 2456 re
583 2421 687 2456 nata
716 2412 984 2463 aestimatio,
1012 2412 1238 2466 aliquibus
1267 2426 1374 2453 sane
1403 2410 1609 2453 maxima.
1645 2410 1727 2452 Vel

91 2492 213 2546 ipsae
245 2491 419 2533 litterae
457 2505 572 2546 quae
613 2490 902 2545 pecuniarum
941 2489 1139 2530 rationes
1178 2489 1379 2530 referunt
1420 2492 1484 2542 (ut
1528 2487 1601 2539 33,
1646 2487 1723 2538 44,

94 2569 164 2620 51,
194 2570 319 2620 etc.),
351 2568 491 2610 multa
522 2568 688 2610 docent
717 2567 772 2608 de
810 2565 928 2607 illius
968 2564 1180 2619 temporis
1210 2577 1257 2606 re
1285 2563 1551 2613 nummaria,
1583 2563 1729 2617 deque

93 2644 306 2688 methodo
329 2643 622 2687 oeconomica
641 2642 857 2698 pristinae
881 2641 1134 2685 Societatis.
1163 2641 1355 2684 Litteras
1378 2648 1529 2683 autem
1553 2638 1728 2681 histori-

149 2803 178 2822 ss
228 2802 245 2836 I
285 2802 350 2836 126
369 2813 385 2836 s
444 2829 451 2837 .

151 2861 180 2881 ⁸⁹
230 2830 291 2898 df.
318 2813 477 2895 Degia.
499 2860 516 2895 I
536 2860 678 2905 Congr.
702 2864 788 2905 post
807 2859 949 2902 Elect.,
969 2857 1072 2892 decr.
1098 2867 1153 2901 10,
1175 2858 1233 2892 tit.
1256 2857 1270 2890 I
1290 2861 1328 2890 et
1347 2868 1429 2902 sqq.
1452 2856 1599 2901 (Instit.
1621 2855 1658 2889 S.
1670 2854 1726 2901 ].,

97 2919 191 2955 edit.
228 2920 413 2962 Florem„
446 2919 492 2963 ΙΙ,
526 2919 584 2953 161
611 2917 714 2964 sqq.)
744 2916 843 2952 Vide
868 2917 1136 2960 SACCHINUM,
1162 2928 1198 2961 p.
1226 2915 1278 2959 ΙΙ,
1313 2916 1336 2951 l.
1363 2914 1414 2958 II,
1441 2926 1476 2949 n.
1511 2923 1568 2960 503
1596 2919 1634 2948 et
1654 2914 1729 2948 As-

98 2986 240 3021 TRAIN,
262 2978 310 3021 II,
333 2977 389 3012 28.
