1971 3276
575 224 710 259 EP1ST.
736 223 883 258 128.—1
908 224 1110 268 JANUARH
1134 222 1221 265 1567
1610 222 1677 265 627

101 338 162 375 re,
198 331 242 365 et
274 337 422 366 coram
457 324 656 370 Domino
688 331 1019 379 praestaturum
1054 338 1151 367 esse
1187 322 1400 378 promisit.
1438 322 1539 364 Hoc
1573 321 1725 363 audito

99 400 257 442 mulier
279 407 373 443 tum
398 400 593 455 denique
616 401 777 455 paruit.

187 477 257 530 36.
324 477 589 531 Neophytos
622 477 823 532 pontifex
853 477 897 518 in
926 491 1057 520 suum
1086 483 1378 531 conspectum
1412 475 1539 517 iussit
1569 489 1724 518 omnes

97 553 274 606 adduci;
302 554 521 595 adductos
544 553 813 608 tempestiuo
835 567 1044 597 sermone
1066 552 1350 595 confirmauit
1374 552 1417 593 in
1441 552 1544 603 fide;
1567 565 1722 594 eorum

96 629 275 672 rosariis
298 629 544 682 benedixit,
571 631 717 673 aureis
739 632 871 674 XXV
896 645 998 673 cum
1018 630 1208 686 singulis
1229 644 1403 685 «agnus
1421 629 1529 672 Dei»
1555 642 1720 670 unum-

95 720 319 761 quemque
342 706 545 759 donauit3
572 707 689 750 laeto
715 708 843 751 ualde
860 708 1087 762 pontifice,
1109 707 1192 762 ipsi
1215 707 1331 750 bene
1349 705 1531 749 animati
1555 705 1720 748 abiere.

65 790 68 791 ’
97 783 328 825 Vniuersis
366 783 624 839 neophytis,
667 798 857 839 quorum
892 785 978 826 hoc
1015 798 1133 826 anno
1168 783 1250 825 fuit
1284 796 1498 825 numerus
1531 783 1720 836 LXXX,

96 867 271 915 praeter
295 868 472 903 ueteres
495 860 604 903 alios
633 862 719 904 XV
750 862 820 903 uel
851 863 955 912 XX,
991 875 1108 903 unus
1136 875 1160 903 e
1190 859 1352 902 nostris
1384 859 1592 901 Patribus
1621 872 1723 901 cum

94 936 363 978 auctoritate
388 936 433 978 in
457 936 730 992 spiritalibus
755 937 995 992 praesidet.

182 1024 251 1067 37.
320 1015 366 1055 In
392 1013 631 1069 neophytis
660 1021 754 1057 erat
778 1014 936 1056 mulier
959 1028 1113 1056 maura
1137 1027 1239 1055 cum
1263 1027 1416 1055 sorore
1441 1021 1547 1055 natu
1572 1011 1719 1053 mino-

92 1102 154 1141 re;
182 1103 368 1143 quarum
393 1097 584 1144 utraque
608 1089 712 1132 olim
736 1090 779 1131 in
805 1090 1111 1145 captiuitatem
1146 1090 1358 1143 abducta,
1390 1088 1604 1131 diuturno
1635 1088 1720 1129 iam

91 1167 222 1208 XXV
240 1180 460 1209 annorum
483 1166 668 1209 seruitio
691 1167 992 1221 premebatur.
1022 1168 1107 1209 Per
1131 1180 1272 1207 annos
1296 1173 1445 1208 autem
1471 1165 1558 1207 XV
1577 1165 1632 1206 de
1657 1178 1723 1206 re-

91 1242 258 1298 ligione
292 1242 540 1286 solicitatae
563 1243 833 1294 restiterant,
859 1258 912 1286 ea
935 1243 1128 1287 maxime
1158 1242 1338 1293 fiducia,
1365 1242 1485 1296 quod
1514 1255 1616 1283 cum
1647 1255 1720 1283 es—

93 1326 192 1362 sent
216 1320 406 1362 honesto
429 1319 527 1361 loco
549 1319 663 1362 inter
686 1333 792 1361 suos
816 1327 961 1370 natae,
988 1321 1044 1362 ab
1067 1320 1216 1375 aliquo
1241 1319 1521 1373 redemptum
1547 1318 1600 1359 iri
1625 1331 1723 1361 sese

92 1396 354 1450 sperabant3
387 1404 432 1438 et
466 1396 598 1438 simul
632 1396 768 1438 maior
802 1396 1018 1438 minorem
1052 1396 1097 1438 in
1127 1395 1373 1451 pertinacia
1401 1395 1719 1437 confirmabat.

92 1473 208 1515 Cum
230 1473 339 1516 hera
370 1473 646 1515 nobilissima
672 1473 882 1528 foemina,
907 1475 1022 1515 hanc
1047 1473 1260 1515 maiorem
1284 1473 1339 1514 ad
1362 1471 1647 1523 coenobium,
1674 1480 1722 1513 ut

92 1549 152 1590 ibi
173 1550 448 1601 erudiretur,
482 1550 692 1601 misisset,
719 1550 774 1593 ad
803 1550 920 1592 illam
948 1551 1080 1593 Pater
1101 1550 1173 1592 ille
1191 1549 1369 1591 arabice
1387 1549 1546 1590 doctus
1566 1548 1651 1602 (cui
1671 1562 1722 1591 ea

91 1625 189 1680 plus
210 1626 267 1667 ob
285 1625 329 1667 id
348 1626 494 1681 ipsum
512 1626 754 1681 credebat),
776 1626 983 1677 accessit3
1010 1639 1205 1679 cumque
1227 1639 1323 1667 eam
1349 1625 1404 1666 ad
1429 1623 1718 1666 christianam

92 1701 353 1757 religionem
387 1704 597 1744 hortatus
634 1710 768 1753 esset,
810 1702 882 1745 illa
919 1701 1194 1745 deliberandi
1233 1703 1471 1755 Deumque
1512 1700 1735 1755 precandi·

89 1778 284 1833 spatium
324 1779 583 1833 postulauit.
629 1780 748 1821 Patri
781 1779 992 1834 postridie
1022 1778 1250 1828 redeunti,
1285 1776 1539 1828 lacrimans,
1574 1776 1718 1829 Tuus,

91 1854 251 1909 inquit,
278 1869 425 1897 sermo
453 1863 498 1898 et
529 1857 687 1898 harum
714 1855 941 1910 uirginum
965 1862 1168 1910 spectata
1192 1853 1298 1896 mihi
1322 1854 1441 1896 uitae
1470 1853 1716 1895 sanctimo—

91 1930 178 1985 nia,
204 1938 377 1985 cogunt
400 1946 471 1975 me
493 1931 589 1975 fieri
608 1931 916 1981 christianam;
939 1939 1072 1986 atque
1091 1931 1146 1973 ad
1165 1945 1261 1973 eam
1280 1944 1391 1984 rem,
1416 1938 1462 1972 ut
1481 1937 1720 1985 praecepta

89 2006 173 2049 sibi
197 2007 451 2050 necessaria
476 2008 686 2063 traderet,
713 2008 976 2063 postulauit:
1004 2008 1168 2062 quibus
1191 2006 1429 2062 perceptis,
1453 2021 1618 2061 magno
1637 2020 1719 2048 suo

90 2097 192 2125 cum
215 2084 402 2138 gaudio,
424 2084 736 2139 praesentibus
753 2093 796 2127 et
814 2084 1147 2140 gratulantibus
1167 2084 1274 2125 hera
1293 2097 1393 2124 cum
1419 2083 1719 2124 cardinalibus

89 2160 257 2214 aliquot
280 2160 465 2215 aliisque
489 2161 793 2215 magnatibus,
814 2168 882 2203 est
906 2162 1145 2215 baptizata,
1172 2168 1215 2202 et
1239 2159 1470 2213 religionis
1493 2172 1651 2200 caussa
1673 2158 1716 2198 in

91 2235 310 2279 coenobio
334 2250 624 2290 perseuerare
646 2237 845 2292 cupienti
868 2250 1134 2278 concessum
1159 2244 1241 2277 est.

178 2312 248 2366 38.
315 2313 485 2356 Multae
515 2327 694 2367 quoque
724 2313 980 2368 impudicae
1005 2312 1214 2355 mulieres
1244 2327 1268 2353 a
1298 2312 1416 2366 turpi
1439 2318 1628 2364 quaestu
1662 2310 1717 2351 ad

90 2389 372 2430 honestatem
397 2388 646 2439 traductae,
673 2403 762 2442 quo
785 2389 830 2430 in
861 2403 1028 2443 genere
1056 2390 1146 2430 duo
1176 2389 1248 2429 illa
1273 2396 1444 2429 tantum
1477 2387 1714 2441 attingam,

88 2463 204 2506 Cum
228 2464 516 2508 decumbenti
539 2464 582 2505 in
605 2464 770 2507 lectulo
794 2464 960 2519 publici
982 2464 1293 2506 valetudinarii
1318 2463 1606 2506 mulierculae
1631 2464 1715 2504 hu·

85 2527 294 2593 iusmodi,
323 2555 439 2583 unus
461 2555 485 2582 e
509 2541 673 2583 nostris
695 2541 882 2583 audiens
900 2540 1233 2584 confessionem
1257 2540 1501 2590 assisteret,
1523 2553 1716 2594 cumque

87 2617 198 2665 aliae
221 2618 317 2661 eius
340 2619 551 2672 aequales
574 2631 624 2659 ac
643 2618 809 2659 similes
834 2617 1007 2659 uisendi
1028 2631 1185 2658 caussa
1203 2616 1589 2671 superuenissent‚
1611 2630 1714 2657 con·

89 2708 247 2736 uersus
269 2694 325 2736 ad
348 2708 424 2735 eas
456 2696 588 2736 Pater
618 2695 766 2748 coepit
796 2695 962 2736 instare
995 2701 1043 2734 ut
1067 2693 1252 2734 crimina
1282 2695 1546 2743 faterentur,
1578 2701 1620 2734 et
1660 2693 1715 2734 ab

87 2769 291 2823 incoepta
311 2769 402 2811 uita
420 2770 702 2813 desisterent.
725 2770 841 2812 Cum
861 2769 972 2810 nihil
992 2769 1240 2823 proficeret,
1260 2783 1335 2810 eas
1361 2768 1537 2822 rogauit
1559 2778 1605 2810 ut
1630 2782 1717 2809 una

87 2859 240 2888 secum
264 2846 318 2887 ad
347 2860 485 2897 aram,
520 2860 634 2900 quae
664 2846 828 2888 ibidem
858 2854 925 2886 est
951 2845 1109 2899 posita,
1137 2859 1236 2887 sese
1259 2845 1302 2885 in
1328 2858 1483 2898 preces
1506 2845 1714 2886 effunde-

87 2928 200 2964 rent.
230 2922 493 2964 Precatione
517 2930 713 2977 peracta,
741 2936 894 2964 rursus
917 2921 1078 2963 institit
1101 2921 1196 2962 illas
1215 2921 1398 2971 hortari,
1425 2935 1507 2963 nec
1532 2923 1712 2973 trustra3

87 3011 280 3052 namque
320 3005 573 3040 commotae
610 2997 829 3039 diuinitus
868 3012 1024 3040 omnes
1063 3005 1246 3052 peccata
1283 2998 1529 3050 confessae,
1570 3011 1716 3040 mores
