<?xml version="1.0" encoding="UTF-8"?>
<!DOCTYPE html PUBLIC "-//W3C//DTD XHTML 1.0 Transitional//EN"
    "http://www.w3.org/TR/xhtml1/DTD/xhtml1-transitional.dtd">
<html xmlns="http://www.w3.org/1999/xhtml" xml:lang="en" lang="en">
 <head>
  <title>
</title>
<meta http-equiv="Content-Type" content="text/html;charset=utf-8" />
  <meta name='ocr-system' content='tesseract 3.04.00' />
  <meta name='ocr-capabilities' content='ocr_page ocr_carea ocr_par ocr_line ocrx_word'/>
</head>
<body>
  <div class='ocr_page' id='page_1' title='image "./polancicomplemen06pola_0520.png"; bbox 0 0 1971 3276; ppageno 0'>
   <div class='ocr_carea' id='block_1_1' title="bbox 288 185 1326 230">
    <p class='ocr_par' dir='ltr' id='par_1_1' title="bbox 288 185 1326 230">
     <span class='ocr_line' id='line_1_1' title="bbox 288 185 1326 230; baseline 0.001 -11"><span class='ocrx_word' id='word_1_1' title='bbox 288 185 356 230; x_wconf 80' lang='lat'>478</span> <span class='ocrx_word' id='word_1_2' title='bbox 792 186 980 222; x_wconf 74' lang='lat' dir='ltr'>POLANcr</span> <span class='ocrx_word' id='word_1_3' title='bbox 1008 195 1326 222; x_wconf 79' lang='lat' dir='ltr'><strong>COMPLEMENTA</strong></span> 
     </span>
    </p>
   </div>
   <div class='ocr_carea' id='block_1_2' title="bbox 238 287 1877 2404">
    <p class='ocr_par' dir='ltr' id='par_1_2' title="bbox 238 287 1877 1942">
     <span class='ocr_line' id='line_1_2' title="bbox 242 287 1875 344; baseline 0.002 -16"><span class='ocrx_word' id='word_1_4' title='bbox 242 300 375 340; x_wconf 82' lang='lat' dir='ltr'>quem</span> <span class='ocrx_word' id='word_1_5' title='bbox 398 301 453 329; x_wconf 82' lang='lat' dir='ltr'>ex</span> <span class='ocrx_word' id='word_1_6' title='bbox 477 287 836 329; x_wconf 80' lang='lat' dir='ltr'>confessionibus</span> <span class='ocrx_word' id='word_1_7' title='bbox 859 295 903 330; x_wconf 93' lang='lat' dir='ltr'>et</span> <span class='ocrx_word' id='word_1_8' title='bbox 927 287 1104 343; x_wconf 85' lang='lat' dir='ltr'>xpiana.</span> <span class='ocrx_word' id='word_1_9' title='bbox 1135 288 1338 330; x_wconf 89' lang='lat' dir='ltr'>doctrina</span> <span class='ocrx_word' id='word_1_10' title='bbox 1362 289 1488 330; x_wconf 91' lang='lat' dir='ltr'>multi</span> <span class='ocrx_word' id='word_1_11' title='bbox 1514 289 1715 344; x_wconf 88' lang='lat' dir='ltr'>capiunt,</span> <span class='ocrx_word' id='word_1_12' title='bbox 1737 290 1793 332; x_wconf 90' lang='lat' dir='ltr'>de</span> <span class='ocrx_word' id='word_1_13' title='bbox 1815 290 1875 332; x_wconf 91' lang='lat' dir='ltr'>ci-</span> 
     </span>
     <span class='ocr_line' id='line_1_3' title="bbox 243 362 1876 419; baseline 0.002 -15"><span class='ocrx_word' id='word_1_14' title='bbox 243 363 365 404; x_wconf 91' lang='lat' dir='ltr'>uium</span> <span class='ocrx_word' id='word_1_15' title='bbox 406 362 450 404; x_wconf 93' lang='lat' dir='ltr'>in</span> <span class='ocrx_word' id='word_1_16' title='bbox 483 371 662 405; x_wconf 90' lang='lat' dir='ltr'>nostros</span> <span class='ocrx_word' id='word_1_17' title='bbox 700 363 1022 414; x_wconf 87' lang='lat' dir='ltr'>beniuolentia,</span> <span class='ocrx_word' id='word_1_18' title='bbox 1064 365 1120 407; x_wconf 90' lang='lat' dir='ltr'>de</span> <span class='ocrx_word' id='word_1_19' title='bbox 1159 365 1360 406; x_wconf 90' lang='lat' dir='ltr'>locorum</span> <span class='ocrx_word' id='word_1_20' title='bbox 1400 365 1595 419; x_wconf 89' lang='lat' dir='ltr'>denique</span> <span class='ocrx_word' id='word_1_21' title='bbox 1632 366 1799 408; x_wconf 81' lang='lat' dir='ltr'>salubri</span> <span class='ocrx_word' id='word_1_22' title='bbox 1832 375 1876 410; x_wconf 88' lang='lat' dir='ltr'>et</span> 
     </span>
     <span class='ocr_line' id='line_1_4' title="bbox 241 440 1875 495; baseline 0.003 -14"><span class='ocrx_word' id='word_1_23' title='bbox 241 454 433 483; x_wconf 87' lang='lat' dir='ltr'>amoeno</span> <span class='ocrx_word' id='word_1_24' title='bbox 456 440 561 495; x_wconf 89' lang='lat' dir='ltr'>situ,</span> <span class='ocrx_word' id='word_1_25' title='bbox 588 440 898 494; x_wconf 81' lang='lat' dir='ltr'>extructisque</span> <span class='ocrx_word' id='word_1_26' title='bbox 922 440 1153 494; x_wconf 88' lang='lat' dir='ltr'>aedificiis,</span> <span class='ocrx_word' id='word_1_27' title='bbox 1181 442 1272 483; x_wconf 91' lang='lat' dir='ltr'>duo</span> <span class='ocrx_word' id='word_1_28' title='bbox 1293 450 1441 485; x_wconf 89' lang='lat' dir='ltr'>tamen</span> <span class='ocrx_word' id='word_1_29' title='bbox 1462 442 1570 484; x_wconf 89' lang='lat' dir='ltr'>mihi</span> <span class='ocrx_word' id='word_1_30' title='bbox 1593 442 1784 485; x_wconf 91' lang='lat' dir='ltr'>dicenda</span> <span class='ocrx_word' id='word_1_31' title='bbox 1802 458 1875 486; x_wconf 92' lang='lat' dir='ltr'>su-</span> 
     </span>
     <span class='ocr_line' id='line_1_5' title="bbox 242 517 1875 574; baseline 0.002 -16"><span class='ocrx_word' id='word_1_32' title='bbox 242 524 443 570; x_wconf 89' lang='lat' dir='ltr'>persunt.</span> <span class='ocrx_word' id='word_1_33' title='bbox 472 517 679 558; x_wconf 89' lang='lat' dir='ltr'>Alterum</span> <span class='ocrx_word' id='word_1_34' title='bbox 704 525 788 567; x_wconf 90' lang='lat' dir='ltr'>est,</span> <span class='ocrx_word' id='word_1_35' title='bbox 816 517 989 571; x_wconf 86' lang='lat' dir='ltr'>Tyburi</span> <span class='ocrx_word' id='word_1_36' title='bbox 1019 531 1286 561; x_wconf 87' lang='lat' dir='ltr'>concessum</span> <span class='ocrx_word' id='word_1_37' title='bbox 1321 519 1454 560; x_wconf 91' lang='lat' dir='ltr'>nobis</span> <span class='ocrx_word' id='word_1_38' title='bbox 1479 518 1618 562; x_wconf 88' lang='lat' dir='ltr'>fuisse</span> <span class='ocrx_word' id='word_1_39' title='bbox 1641 520 1875 574; x_wconf 79' lang='lat' dir='ltr'>perutilem</span> 
     </span>
     <span class='ocr_line' id='line_1_6' title="bbox 241 593 1876 651; baseline 0.003 -17"><span class='ocrx_word' id='word_1_40' title='bbox 241 600 285 634; x_wconf 90' lang='lat' dir='ltr'>et</span> <span class='ocrx_word' id='word_1_41' title='bbox 308 593 612 635; x_wconf 91' lang='lat' dir='ltr'>necessarium</span> <span class='ocrx_word' id='word_1_42' title='bbox 642 594 843 636; x_wconf 79' lang='lat' dir='ltr'>canalem</span> <span class='ocrx_word' id='word_1_43' title='bbox 875 608 1018 647; x_wconf 86' lang='lat' dir='ltr'>aquae</span> <span class='ocrx_word' id='word_1_44' title='bbox 1050 594 1272 649; x_wconf 88' lang='lat' dir='ltr'>publicae,</span> <span class='ocrx_word' id='word_1_45' title='bbox 1306 609 1439 649; x_wconf 86' lang='lat' dir='ltr'>quam</span> <span class='ocrx_word' id='word_1_46' title='bbox 1473 610 1639 651; x_wconf 82' lang='lat' dir='ltr'>nuper,</span> <span class='ocrx_word' id='word_1_47' title='bbox 1671 596 1876 651; x_wconf 88' lang='lat' dir='ltr'>impensa</span> 
     </span>
     <span class='ocr_line' id='line_1_7' title="bbox 244 669 1875 729; baseline 0.003 -19"><span class='ocrx_word' id='word_1_48' title='bbox 244 683 331 710; x_wconf 90' lang='lat' dir='ltr'>non</span> <span class='ocrx_word' id='word_1_49' title='bbox 356 669 588 724; x_wconf 91' lang='lat' dir='ltr'>mediocri,</span> <span class='ocrx_word' id='word_1_50' title='bbox 617 684 692 724; x_wconf 90' lang='lat' dir='ltr'>per</span> <span class='ocrx_word' id='word_1_51' title='bbox 716 670 896 711; x_wconf 90' lang='lat' dir='ltr'>hortum</span> <span class='ocrx_word' id='word_1_52' title='bbox 925 670 1103 725; x_wconf 86' lang='lat' dir='ltr'>collegii</span> <span class='ocrx_word' id='word_1_53' title='bbox 1134 671 1295 714; x_wconf 90' lang='lat' dir='ltr'>ciuitas</span> <span class='ocrx_word' id='word_1_54' title='bbox 1317 672 1462 716; x_wconf 87' lang='lat' dir='ltr'>duxit.</span> <span class='ocrx_word' id='word_1_55' title='bbox 1493 673 1718 724; x_wconf 89' lang='lat' dir='ltr'>Alterum,</span> <span class='ocrx_word' id='word_1_56' title='bbox 1745 688 1875 729; x_wconf 89' lang='lat' dir='ltr'>supe-</span> 
     </span>
     <span class='ocr_line' id='line_1_8' title="bbox 242 745 1875 804; baseline 0.004 -17"><span class='ocrx_word' id='word_1_57' title='bbox 242 745 435 787; x_wconf 90' lang='lat' dir='ltr'>rioribus</span> <span class='ocrx_word' id='word_1_58' title='bbox 457 746 616 789; x_wconf 87' lang='lat' dir='ltr'>diebus</span> <span class='ocrx_word' id='word_1_59' title='bbox 639 747 899 801; x_wconf 88' lang='lat' dir='ltr'>pontificem</span> <span class='ocrx_word' id='word_1_60' title='bbox 932 747 1133 801; x_wconf 87' lang='lat' dir='ltr'>quinque</span> <span class='ocrx_word' id='word_1_61' title='bbox 1158 749 1461 791; x_wconf 73' lang='lat' dir='ltr'>cardinalibus</span> <span class='ocrx_word' id='word_1_62' title='bbox 1485 757 1529 792; x_wconf 91' lang='lat' dir='ltr'>et</span> <span class='ocrx_word' id='word_1_63' title='bbox 1552 764 1773 804; x_wconf 86' lang='lat' dir='ltr'>germano</span> <span class='ocrx_word' id='word_1_64' title='bbox 1792 751 1875 793; x_wconf 88' lang='lat' dir='ltr'>fra-</span> 
     </span>
     <span class='ocr_line' id='line_1_9' title="bbox 243 822 1876 879; baseline 0.004 -16"><span class='ocrx_word' id='word_1_65' title='bbox 243 831 308 864; x_wconf 90' lang='lat' dir='ltr'>tre</span> <span class='ocrx_word' id='word_1_66' title='bbox 331 822 610 873; x_wconf 90' lang='lat' dir='ltr'>comitatum,</span> <span class='ocrx_word' id='word_1_67' title='bbox 641 824 827 865; x_wconf 81' lang='lat' dir='ltr'>Tusculi</span> <span class='ocrx_word' id='word_1_68' title='bbox 852 824 907 865; x_wconf 91' lang='lat' dir='ltr'>ad</span> <span class='ocrx_word' id='word_1_69' title='bbox 937 823 1179 879; x_wconf 87' lang='lat' dir='ltr'>collegium</span> <span class='ocrx_word' id='word_1_70' title='bbox 1212 833 1469 867; x_wconf 90' lang='lat' dir='ltr'>nostrorum</span> <span class='ocrx_word' id='word_1_71' title='bbox 1494 825 1690 869; x_wconf 76' lang='lat' dir='ltr'>uenisse.</span> <span class='ocrx_word' id='word_1_72' title='bbox 1723 827 1808 869; x_wconf 94' lang='lat' dir='ltr'>Cui</span> <span class='ocrx_word' id='word_1_73' title='bbox 1832 827 1876 868; x_wconf 92' lang='lat' dir='ltr'>in</span> 
     </span>
     <span class='ocr_line' id='line_1_10' title="bbox 240 899 1874 956; baseline 0.002 -16"><span class='ocrx_word' id='word_1_74' title='bbox 240 900 371 941; x_wconf 89' lang='lat' dir='ltr'>horto</span> <span class='ocrx_word' id='word_1_75' title='bbox 395 899 701 941; x_wconf 85' lang='lat' dir='ltr'>deambulanti</span> <span class='ocrx_word' id='word_1_76' title='bbox 724 914 826 942; x_wconf 93' lang='lat' dir='ltr'>cum</span> <span class='ocrx_word' id='word_1_77' title='bbox 848 900 980 942; x_wconf 84' lang='lat' dir='ltr'>Pater</span> <span class='ocrx_word' id='word_1_78' title='bbox 1007 901 1248 955; x_wconf 88' lang='lat' dir='ltr'>generalis,</span> <span class='ocrx_word' id='word_1_79' title='bbox 1270 902 1345 956; x_wconf 84' lang='lat' dir='ltr'>qui</span> <span class='ocrx_word' id='word_1_80' title='bbox 1371 910 1465 944; x_wconf 90' lang='lat' dir='ltr'>tum</span> <span class='ocrx_word' id='word_1_81' title='bbox 1490 901 1549 944; x_wconf 90' lang='lat' dir='ltr'>ibi</span> <span class='ocrx_word' id='word_1_82' title='bbox 1573 916 1679 945; x_wconf 90' lang='lat' dir='ltr'>casu</span> <span class='ocrx_word' id='word_1_83' title='bbox 1704 904 1874 955; x_wconf 83' lang='lat' dir='ltr'>aderat,</span> 
     </span>
     <span class='ocr_line' id='line_1_11' title="bbox 240 977 1874 1034; baseline 0.002 -17"><span class='ocrx_word' id='word_1_84' title='bbox 240 977 285 1018; x_wconf 91' lang='lat' dir='ltr'>in</span> <span class='ocrx_word' id='word_1_85' title='bbox 309 987 505 1019; x_wconf 88' lang='lat' dir='ltr'>mentem</span> <span class='ocrx_word' id='word_1_86' title='bbox 530 987 789 1021; x_wconf 88' lang='lat' dir='ltr'>reuocasset</span> <span class='ocrx_word' id='word_1_87' title='bbox 813 993 868 1021; x_wconf 85' lang='lat' dir='ltr'>ex</span> <span class='ocrx_word' id='word_1_88' title='bbox 892 980 975 1020; x_wconf 93' lang='lat' dir='ltr'>hac</span> <span class='ocrx_word' id='word_1_89' title='bbox 1014 979 1105 1021; x_wconf 90' lang='lat' dir='ltr'>uita</span> <span class='ocrx_word' id='word_1_90' title='bbox 1135 979 1353 1033; x_wconf 73' lang='lat' dir='ltr'>migrasse</span> <span class='ocrx_word' id='word_1_91' title='bbox 1382 987 1620 1034; x_wconf 88' lang='lat' dir='ltr'>patronum</span> <span class='ocrx_word' id='word_1_92' title='bbox 1652 988 1874 1030; x_wconf 83' lang='lat' dir='ltr'>nostrum,</span> 
     </span>
     <span class='ocr_line' id='line_1_12' title="bbox 240 1054 1877 1111; baseline 0.002 -16"><span class='ocrx_word' id='word_1_93' title='bbox 240 1068 290 1096; x_wconf 89' lang='lat' dir='ltr'>ac</span> <span class='ocrx_word' id='word_1_94' title='bbox 314 1054 501 1109; x_wconf 87' lang='lat' dir='ltr'>proinde</span> <span class='ocrx_word' id='word_1_95' title='bbox 524 1055 730 1098; x_wconf 90' lang='lat' dir='ltr'>dubitare</span> <span class='ocrx_word' id='word_1_96' title='bbox 753 1070 800 1097; x_wconf 91' lang='lat' dir='ltr'>se</span> <span class='ocrx_word' id='word_1_97' title='bbox 823 1071 895 1106; x_wconf 92' lang='lat' dir='ltr'>an,</span> <span class='ocrx_word' id='word_1_98' title='bbox 924 1070 1025 1098; x_wconf 90' lang='lat' dir='ltr'>cum</span> <span class='ocrx_word' id='word_1_99' title='bbox 1045 1071 1202 1099; x_wconf 91' lang='lat' dir='ltr'>omnes</span> <span class='ocrx_word' id='word_1_100' title='bbox 1222 1056 1481 1111; x_wconf 88' lang='lat' dir='ltr'>praesertim</span> <span class='ocrx_word' id='word_1_101' title='bbox 1501 1056 1752 1100; x_wconf 89' lang='lat' dir='ltr'>cardinales</span> <span class='ocrx_word' id='word_1_102' title='bbox 1770 1057 1877 1098; x_wconf 92' lang='lat' dir='ltr'>ami·</span> 
     </span>
     <span class='ocr_line' id='line_1_13' title="bbox 239 1132 1876 1188; baseline 0.002 -16"><span class='ocrx_word' id='word_1_103' title='bbox 239 1145 316 1172; x_wconf 87' lang='lat' dir='ltr'>cos</span> <span class='ocrx_word' id='word_1_104' title='bbox 340 1132 613 1185; x_wconf 85' lang='lat' dir='ltr'>habeamus,</span> <span class='ocrx_word' id='word_1_105' title='bbox 639 1132 773 1173; x_wconf 88' lang='lat' dir='ltr'>alium</span> <span class='ocrx_word' id='word_1_106' title='bbox 799 1132 968 1187; x_wconf 78' lang='lat' dir='ltr'>eligere</span> <span class='ocrx_word' id='word_1_107' title='bbox 994 1133 1140 1188; x_wconf 90' lang='lat' dir='ltr'>magis</span> <span class='ocrx_word' id='word_1_108' title='bbox 1163 1133 1415 1188; x_wconf 83' lang='lat' dir='ltr'>expediret,</span> <span class='ocrx_word' id='word_1_109' title='bbox 1449 1147 1582 1187; x_wconf 89' lang='lat' dir='ltr'>quarn</span> <span class='ocrx_word' id='word_1_110' title='bbox 1606 1134 1661 1174; x_wconf 93' lang='lat' dir='ltr'>ad</span> <span class='ocrx_word' id='word_1_111' title='bbox 1685 1147 1739 1176; x_wconf 87' lang='lat' dir='ltr'>ea</span> <span class='ocrx_word' id='word_1_112' title='bbox 1761 1148 1876 1188; x_wconf 88' lang='lat' dir='ltr'>quae</span> 
     </span>
     <span class='ocr_line' id='line_1_14' title="bbox 240 1208 1876 1265; baseline 0.002 -17"><span class='ocrx_word' id='word_1_113' title='bbox 240 1221 353 1262; x_wconf 89' lang='lat' dir='ltr'>opus</span> <span class='ocrx_word' id='word_1_114' title='bbox 385 1216 505 1250; x_wconf 90' lang='lat' dir='ltr'>esset</span> <span class='ocrx_word' id='word_1_115' title='bbox 534 1208 848 1250; x_wconf 88' lang='lat' dir='ltr'>vniuersorum</span> <span class='ocrx_word' id='word_1_116' title='bbox 881 1209 1174 1251; x_wconf 87' lang='lat' dir='ltr'>cardinalium</span> <span class='ocrx_word' id='word_1_117' title='bbox 1205 1210 1522 1253; x_wconf 82' lang='lat' dir='ltr'>beneuolentia</span> <span class='ocrx_word' id='word_1_118' title='bbox 1555 1217 1599 1253; x_wconf 92' lang='lat' dir='ltr'>et</span> <span class='ocrx_word' id='word_1_119' title='bbox 1627 1210 1876 1265; x_wconf 90' lang='lat' dir='ltr'>patrocinio</span> 
     </span>
     <span class='ocr_line' id='line_1_15' title="bbox 241 1283 1866 1340; baseline 0.002 -15"><span class='ocrx_word' id='word_1_120' title='bbox 241 1283 322 1334; x_wconf 89' lang='lat' dir='ltr'>uti,</span> <span class='ocrx_word' id='word_1_121' title='bbox 350 1285 581 1339; x_wconf 88' lang='lat' dir='ltr'>respondit</span> <span class='ocrx_word' id='word_1_122' title='bbox 606 1285 679 1327; x_wconf 90' lang='lat' dir='ltr'>ille</span> <span class='ocrx_word' id='word_1_123' title='bbox 706 1285 846 1328; x_wconf 88' lang='lat' dir='ltr'>uideri</span> <span class='ocrx_word' id='word_1_124' title='bbox 876 1285 960 1327; x_wconf 91' lang='lat' dir='ltr'>sibi</span> <span class='ocrx_word' id='word_1_125' title='bbox 984 1301 1072 1327; x_wconf 88' lang='lat' dir='ltr'>non</span> <span class='ocrx_word' id='word_1_126' title='bbox 1099 1300 1236 1327; x_wconf 92' lang='lat' dir='ltr'>unum</span> <span class='ocrx_word' id='word_1_127' title='bbox 1269 1286 1460 1340; x_wconf 89' lang='lat' dir='ltr'>aliquem</span> <span class='ocrx_word' id='word_1_128' title='bbox 1485 1286 1677 1340; x_wconf 87' lang='lat' dir='ltr'>amplius</span> <span class='ocrx_word' id='word_1_129' title='bbox 1698 1287 1866 1340; x_wconf 87' lang='lat' dir='ltr'>eligen-</span> 
     </span>
     <span class='ocr_line' id='line_1_16' title="bbox 238 1360 1872 1417; baseline 0.002 -16"><span class='ocrx_word' id='word_1_130' title='bbox 238 1360 365 1413; x_wconf 88' lang='lat' dir='ltr'>dum;</span> <span class='ocrx_word' id='word_1_131' title='bbox 392 1375 441 1404; x_wconf 90' lang='lat' dir='ltr'>se</span> <span class='ocrx_word' id='word_1_132' title='bbox 463 1369 613 1404; x_wconf 92' lang='lat' dir='ltr'>autem</span> <span class='ocrx_word' id='word_1_133' title='bbox 639 1362 769 1413; x_wconf 89' lang='lat' dir='ltr'>uelle,</span> <span class='ocrx_word' id='word_1_134' title='bbox 794 1362 900 1404; x_wconf 89' lang='lat' dir='ltr'>dum</span> <span class='ocrx_word' id='word_1_135' title='bbox 930 1362 1120 1413; x_wconf 85' lang='lat' dir='ltr'>uiueret,</span> <span class='ocrx_word' id='word_1_136' title='bbox 1148 1362 1387 1405; x_wconf 71' lang='lat' dir='ltr'>Societatis</span> <span class='ocrx_word' id='word_1_137' title='bbox 1412 1363 1708 1417; x_wconf 85' lang='lat' dir='ltr'>patrocinium</span> <span class='ocrx_word' id='word_1_138' title='bbox 1733 1363 1872 1405; x_wconf 90' lang='lat' dir='ltr'>susci-</span> 
     </span>
     <span class='ocr_line' id='line_1_17' title="bbox 242 1437 1873 1493; baseline 0.001 -13"><span class='ocrx_word' id='word_1_139' title='bbox 242 1452 347 1491; x_wconf 82' lang='lat' dir='ltr'>pere</span> <span class='ocrx_word' id='word_1_140' title='bbox 374 1437 423 1480; x_wconf 77' lang='lat'>¹³.</span> <span class='ocrx_word' id='word_1_141' title='bbox 456 1439 764 1492; x_wconf 75' lang='lat' dir='ltr'>Quamobrem</span> <span class='ocrx_word' id='word_1_142' title='bbox 800 1441 930 1481; x_wconf 82' lang='lat' dir='ltr'>Pater</span> <span class='ocrx_word' id='word_1_143' title='bbox 964 1439 1084 1492; x_wconf 86' lang='lat' dir='ltr'>quod</span> <span class='ocrx_word' id='word_1_144' title='bbox 1115 1439 1176 1480; x_wconf 89' lang='lat' dir='ltr'>illi</span> <span class='ocrx_word' id='word_1_145' title='bbox 1204 1447 1330 1493; x_wconf 89' lang='lat' dir='ltr'>ante,</span> <span class='ocrx_word' id='word_1_146' title='bbox 1358 1453 1460 1480; x_wconf 91' lang='lat' dir='ltr'>cum</span> <span class='ocrx_word' id='word_1_147' title='bbox 1490 1439 1699 1481; x_wconf 83' lang='lat' dir='ltr'>omnibus</span> <span class='ocrx_word' id='word_1_148' title='bbox 1729 1440 1873 1481; x_wconf 89' lang='lat' dir='ltr'>fratri·</span> 
     </span>
     <span class='ocr_line' id='line_1_18' title="bbox 241 1513 1874 1570; baseline 0.002 -15"><span class='ocrx_word' id='word_1_149' title='bbox 241 1513 341 1567; x_wconf 85' lang='lat' dir='ltr'>bus,</span> <span class='ocrx_word' id='word_1_150' title='bbox 368 1514 505 1568; x_wconf 88' lang='lat' dir='ltr'>pedes</span> <span class='ocrx_word' id='word_1_151' title='bbox 530 1515 760 1556; x_wconf 91' lang='lat' dir='ltr'>osculatus</span> <span class='ocrx_word' id='word_1_152' title='bbox 788 1515 963 1569; x_wconf 85' lang='lat' dir='ltr'>fuisset,</span> <span class='ocrx_word' id='word_1_153' title='bbox 989 1515 1158 1570; x_wconf 83' lang='lat' dir='ltr'>gratias</span> <span class='ocrx_word' id='word_1_154' title='bbox 1176 1516 1410 1558; x_wconf 86' lang='lat' dir='ltr'>dumtaxat</span> <span class='ocrx_word' id='word_1_155' title='bbox 1429 1515 1670 1559; x_wconf 77' lang='lat' dir='ltr'>Societatis</span> <span class='ocrx_word' id='word_1_156' title='bbox 1693 1516 1874 1559; x_wconf 88' lang='lat' dir='ltr'>nornine</span> 
     </span>
     <span class='ocr_line' id='line_1_19' title="bbox 240 1590 1873 1646; baseline 0.002 -15"><span class='ocrx_word' id='word_1_157' title='bbox 240 1590 540 1645; x_wconf 85' lang='lat' dir='ltr'>amplissimas</span> <span class='ocrx_word' id='word_1_158' title='bbox 565 1591 675 1646; x_wconf 86' lang='lat' dir='ltr'>egit.</span> <span class='ocrx_word' id='word_1_159' title='bbox 704 1591 904 1642; x_wconf 89' lang='lat' dir='ltr'>Vtinam,</span> <span class='ocrx_word' id='word_1_160' title='bbox 932 1593 987 1634; x_wconf 82' lang='lat' dir='ltr'>R.</span> <span class='ocrx_word' id='word_1_161' title='bbox 1018 1594 1164 1643; x_wconf 87' lang='lat' dir='ltr'>Pater,</span> <span class='ocrx_word' id='word_1_162' title='bbox 1192 1593 1279 1634; x_wconf 89' lang='lat' dir='ltr'>tuis</span> <span class='ocrx_word' id='word_1_163' title='bbox 1302 1603 1346 1635; x_wconf 92' lang='lat' dir='ltr'>et</span> <span class='ocrx_word' id='word_1_164' title='bbox 1370 1592 1569 1633; x_wconf 90' lang='lat' dir='ltr'>omnium</span> <span class='ocrx_word' id='word_1_165' title='bbox 1593 1592 1668 1646; x_wconf 88' lang='lat' dir='ltr'>qui</span> <span class='ocrx_word' id='word_1_166' title='bbox 1694 1593 1778 1634; x_wconf 91' lang='lat' dir='ltr'>sub</span> <span class='ocrx_word' id='word_1_167' title='bbox 1799 1601 1873 1635; x_wconf 93' lang='lat' dir='ltr'>tua</span> 
     </span>
     <span class='ocr_line' id='line_1_20' title="bbox 239 1668 1869 1725; baseline 0.002 -17"><span class='ocrx_word' id='word_1_168' title='bbox 239 1676 343 1709; x_wconf 87' lang='lat' dir='ltr'>sunt</span> <span class='ocrx_word' id='word_1_169' title='bbox 384 1669 679 1722; x_wconf 82' lang='lat' dir='ltr'>praefectura,</span> <span class='ocrx_word' id='word_1_170' title='bbox 718 1668 950 1710; x_wconf 84' lang='lat' dir='ltr'>sacrificiis</span> <span class='ocrx_word' id='word_1_171' title='bbox 990 1677 1034 1712; x_wconf 90' lang='lat' dir='ltr'>et</span> <span class='ocrx_word' id='word_1_172' title='bbox 1073 1671 1280 1725; x_wconf 88' lang='lat' dir='ltr'>precibus</span> <span class='ocrx_word' id='word_1_173' title='bbox 1319 1684 1407 1711; x_wconf 90' lang='lat' dir='ltr'>non</span> <span class='ocrx_word' id='word_1_174' title='bbox 1443 1670 1575 1711; x_wconf 87' lang='lat' dir='ltr'>modo</span> <span class='ocrx_word' id='word_1_175' title='bbox 1614 1670 1869 1724; x_wconf 87' lang='lat' dir='ltr'>pontificem</span> 
     </span>
     <span class='ocr_line' id='line_1_21' title="bbox 245 1746 1872 1804; baseline 0.002 -18"><span class='ocrx_word' id='word_1_176' title='bbox 245 1747 386 1796; x_wconf 80' lang='lat' dir='ltr'>PIVM,</span> <span class='ocrx_word' id='word_1_177' title='bbox 414 1747 492 1787; x_wconf 89' lang='lat' dir='ltr'>sed</span> <span class='ocrx_word' id='word_1_178' title='bbox 517 1746 639 1787; x_wconf 90' lang='lat' dir='ltr'>illum</span> <span class='ocrx_word' id='word_1_179' title='bbox 664 1746 796 1788; x_wconf 90' lang='lat' dir='ltr'>etiam</span> <span class='ocrx_word' id='word_1_180' title='bbox 831 1747 962 1789; x_wconf 90' lang='lat' dir='ltr'>cuius</span> <span class='ocrx_word' id='word_1_181' title='bbox 986 1748 1080 1802; x_wconf 87' lang='lat' dir='ltr'>ipse</span> <span class='ocrx_word' id='word_1_182' title='bbox 1103 1748 1147 1789; x_wconf 90' lang='lat' dir='ltr'>in</span> <span class='ocrx_word' id='word_1_183' title='bbox 1179 1756 1295 1791; x_wconf 88' lang='lat' dir='ltr'>terra</span> <span class='ocrx_word' id='word_1_184' title='bbox 1321 1749 1445 1792; x_wconf 87' lang='lat' dir='ltr'>uices</span> <span class='ocrx_word' id='word_1_185' title='bbox 1468 1749 1600 1804; x_wconf 84' lang='lat' dir='ltr'>gerit,</span> <span class='ocrx_word' id='word_1_186' title='bbox 1634 1758 1872 1803; x_wconf 90' lang='lat' dir='ltr'>patronum</span> 
     </span>
     <span class='ocr_line' id='line_1_22' title="bbox 240 1825 1873 1880; baseline 0.002 -17"><span class='ocrx_word' id='word_1_187' title='bbox 240 1835 289 1863; x_wconf 88' lang='lat' dir='ltr'>ac</span> <span class='ocrx_word' id='word_1_188' title='bbox 331 1830 714 1876; x_wconf 80' lang='lat' dir='ltr'>propugnatorem</span> <span class='ocrx_word' id='word_1_189' title='bbox 754 1838 931 1879; x_wconf 89' lang='lat' dir='ltr'>semper</span> <span class='ocrx_word' id='word_1_190' title='bbox 965 1825 1228 1868; x_wconf 90' lang='lat' dir='ltr'>habeamus.</span> <span class='ocrx_word' id='word_1_191' title='bbox 1268 1826 1435 1868; x_wconf 86' lang='lat' dir='ltr'>Romae</span> <span class='ocrx_word' id='word_1_192' title='bbox 1469 1825 1609 1880; x_wconf 87' lang='lat' dir='ltr'>pridie</span> <span class='ocrx_word' id='word_1_193' title='bbox 1638 1825 1744 1867; x_wconf 90' lang='lat' dir='ltr'>Idus</span> <span class='ocrx_word' id='word_1_194' title='bbox 1780 1826 1873 1868; x_wconf 88' lang='lat' dir='ltr'>Iulii</span> 
     </span>
     <span class='ocr_line' id='line_1_23' title="bbox 240 1905 538 1942; baseline 0.007 -2"><span class='ocrx_word' id='word_1_195' title='bbox 240 1905 538 1942; x_wconf 77' lang='lat' dir='ltr'>M.D.LX1111⁰.</span> 
     </span>
    </p>

    <p class='ocr_par' dir='ltr' id='par_1_3' title="bbox 326 1975 1781 2034">
     <span class='ocr_line' id='line_1_24' title="bbox 326 1975 1781 2034; baseline 0.002 -17"><span class='ocrx_word' id='word_1_196' title='bbox 326 1977 457 2017; x_wconf 89' lang='lat' dir='ltr'>Iussu</span> <span class='ocrx_word' id='word_1_197' title='bbox 483 1975 582 2018; x_wconf 82' lang='lat' dir='ltr'>Rdi.</span> <span class='ocrx_word' id='word_1_198' title='bbox 614 1977 665 2019; x_wconf 80' lang='lat' dir='ltr'>P.</span> <span class='ocrx_word' id='word_1_199' title='bbox 694 1977 891 2032; x_wconf 85' lang='lat' dir='ltr'>Polanci,</span> <span class='ocrx_word' id='word_1_200' title='bbox 919 1978 1160 2021; x_wconf 85' lang='lat' dir='ltr'>Societatis</span> <span class='ocrx_word' id='word_1_201' title='bbox 1186 1993 1347 2021; x_wconf 86' lang='lat' dir='ltr'>seruus</span> <span class='ocrx_word' id='word_1_202' title='bbox 1372 1978 1414 2020; x_wconf 89' lang='lat' dir='ltr'>in</span> <span class='ocrx_word' id='word_1_203' title='bbox 1441 1978 1524 2020; x_wconf 91' lang='lat' dir='ltr'>X.⁰</span> <span class='ocrx_word' id='word_1_204' title='bbox 1549 1978 1781 2034; x_wconf 88' lang='lat' dir='ltr'>indignus.</span> 
     </span>
    </p>

    <p class='ocr_par' dir='ltr' id='par_1_4' title="bbox 1064 2054 1692 2098">
     <span class='ocr_line' id='line_1_25' title="bbox 1064 2054 1692 2098; baseline 0.003 -2"><span class='ocrx_word' id='word_1_205' title='bbox 1064 2056 1287 2097; x_wconf 77' lang='lat' dir='ltr'>PROSPER</span> <span class='ocrx_word' id='word_1_206' title='bbox 1314 2056 1616 2098; x_wconf 76' lang='lat' dir='ltr'><strong>MALAUOLTA</strong></span> <span class='ocrx_word' id='word_1_207' title='bbox 1644 2054 1692 2097; x_wconf 77' lang='lat'>¹⁴.</span> 
     </span>
    </p>

    <p class='ocr_par' dir='ltr' id='par_1_5' title="bbox 239 2129 1853 2259">
     <span class='ocr_line' id='line_1_26' title="bbox 326 2129 1853 2185; baseline 0.003 -16"><span class='ocrx_word' id='word_1_208' title='bbox 326 2129 365 2169; x_wconf 84' lang='lat' dir='ltr'><strong><em>A</em></strong></span> <span class='ocrx_word' id='word_1_209' title='bbox 390 2132 534 2184; x_wconf 74' lang='lat' dir='ltr'>tergo.</span> <span class='ocrx_word' id='word_1_210' title='bbox 562 2129 814 2172; x_wconf 89' lang='lat' dir='ltr'>Semestres</span> <span class='ocrx_word' id='word_1_211' title='bbox 840 2131 1082 2182; x_wconf 80' lang='lat' dir='ltr'>Romanae,</span> <span class='ocrx_word' id='word_1_212' title='bbox 1112 2132 1254 2185; x_wconf 89' lang='lat' dir='ltr'>pridie</span> <span class='ocrx_word' id='word_1_213' title='bbox 1277 2132 1376 2173; x_wconf 87' lang='lat' dir='ltr'>idus</span> <span class='ocrx_word' id='word_1_214' title='bbox 1411 2132 1504 2173; x_wconf 86' lang='lat' dir='ltr'>Iulii</span> <span class='ocrx_word' id='word_1_215' title='bbox 1535 2132 1660 2185; x_wconf 81' lang='lat'>1564.</span> <span class='ocrx_word' id='word_1_216' title='bbox 1690 2133 1779 2174; x_wconf 88' lang='lat' dir='ltr'>Pro</span> <span class='ocrx_word' id='word_1_217' title='bbox 1807 2146 1853 2174; x_wconf 91' lang='lat' dir='ltr'>re</span> 
     </span>
     <span class='ocr_line' id='line_1_27' title="bbox 239 2206 592 2259; baseline 0.008 -13"><span class='ocrx_word' id='word_1_218' title='bbox 239 2219 330 2259; x_wconf 85' lang='lat' dir='ltr'>gno</span> <span class='ocrx_word' id='word_1_219' title='bbox 355 2206 592 2249; x_wconf 88' lang='lat' dir='ltr'>Toletano.</span> 
     </span>
    </p>

    <p class='ocr_par' dir='ltr' id='par_1_6' title="bbox 241 2282 1871 2404">
     <span class='ocr_line' id='line_1_28' title="bbox 326 2282 1871 2328; baseline 0.003 -6"><span class='ocrx_word' id='word_1_220' title='bbox 326 2282 444 2324; x_wconf 75' lang='lat' dir='ltr'><em>Aliis</em></span> <span class='ocrx_word' id='word_1_221' title='bbox 468 2284 693 2325; x_wconf 79' lang='lat' dir='ltr'>manibus.</span> <span class='ocrx_word' id='word_1_222' title='bbox 723 2284 849 2327; x_wconf 88' lang='lat' dir='ltr'>Vista</span> <span class='ocrx_word' id='word_1_223' title='bbox 875 2299 930 2327; x_wconf 88' lang='lat' dir='ltr'>en</span> <span class='ocrx_word' id='word_1_224' title='bbox 957 2285 1325 2327; x_wconf 80' lang='lat' dir='ltr'>Madrid—Vista</span> <span class='ocrx_word' id='word_1_225' title='bbox 1349 2301 1404 2328; x_wconf 91' lang='lat' dir='ltr'>en</span> <span class='ocrx_word' id='word_1_226' title='bbox 1430 2285 1793 2327; x_wconf 87' lang='lat' dir='ltr'>Toledo—Vista</span> <span class='ocrx_word' id='word_1_227' title='bbox 1816 2298 1871 2326; x_wconf 91' lang='lat' dir='ltr'>en</span> 
     </span>
     <span class='ocr_line' id='line_1_29' title="bbox 241 2358 1868 2404; baseline 0.002 -4"><span class='ocrx_word' id='word_1_228' title='bbox 241 2358 601 2402; x_wconf 80' lang='lat' dir='ltr'>Murcia—Vista</span> <span class='ocrx_word' id='word_1_229' title='bbox 625 2374 681 2402; x_wconf 93' lang='lat' dir='ltr'>en</span> <span class='ocrx_word' id='word_1_230' title='bbox 706 2360 1055 2403; x_wconf 78' lang='lat' dir='ltr'>Alcala—Vista</span> <span class='ocrx_word' id='word_1_231' title='bbox 1079 2376 1132 2403; x_wconf 91' lang='lat' dir='ltr'>en</span> <span class='ocrx_word' id='word_1_232' title='bbox 1160 2362 1514 2404; x_wconf 77' lang='lat' dir='ltr'>Ocafia—-Vista</span> <span class='ocrx_word' id='word_1_233' title='bbox 1538 2375 1594 2403; x_wconf 91' lang='lat' dir='ltr'>en</span> <span class='ocrx_word' id='word_1_234' title='bbox 1619 2361 1868 2404; x_wconf 84' lang='lat' dir='ltr'>Plasencia.</span> 
     </span>
    </p>
   </div>
   <div class='ocr_carea' id='block_1_3' title="bbox 249 2467 390 2472">
    <p class='ocr_par' dir='ltr' id='par_1_7' title="bbox 249 2467 390 2472">
     <span class='ocr_line' id='line_1_30' title="bbox 249 2467 390 2472; baseline 0 0"><span class='ocrx_word' id='word_1_235' title='bbox 249 2467 390 2472; x_wconf 95' lang='lat' dir='ltr'> </span> 
     </span>
    </p>
   </div>
   <div class='ocr_carea' id='block_1_4' title="bbox 410 2469 521 2473">
    <p class='ocr_par' dir='ltr' id='par_1_8' title="bbox 410 2469 521 2473">
     <span class='ocr_line' id='line_1_31' title="bbox 410 2469 521 2473; baseline 0 0"><span class='ocrx_word' id='word_1_236' title='bbox 410 2469 521 2473; x_wconf 95' lang='lat' dir='ltr'> </span> 
     </span>
    </p>
   </div>
   <div class='ocr_carea' id='block_1_5' title="bbox 238 2518 1867 2619">
    <p class='ocr_par' dir='ltr' id='par_1_9' title="bbox 238 2518 1867 2619">
     <span class='ocr_line' id='line_1_32' title="bbox 310 2518 1867 2565; baseline 0.001 -14"><span class='ocrx_word' id='word_1_237' title='bbox 310 2526 324 2543; x_wconf 76' lang='lat'>0</span> <span class='ocrx_word' id='word_1_238' title='bbox 377 2518 490 2561; x_wconf 80' lang='lat' dir='ltr'>Quae</span> <span class='ocrx_word' id='word_1_239' title='bbox 508 2523 731 2564; x_wconf 78' lang='lat' dir='ltr'>sequuntur</span> <span class='ocrx_word' id='word_1_240' title='bbox 750 2521 1006 2565; x_wconf 69' lang='lat' dir='ltr'>autographa</span> <span class='ocrx_word' id='word_1_241' title='bbox 1026 2520 1235 2562; x_wconf 53' lang='lat' dir='ltr'>videntum·</span> <span class='ocrx_word' id='word_1_242' title='bbox 1252 2525 1287 2555; x_wconf 80' lang='lat' dir='ltr'>et</span> <span class='ocrx_word' id='word_1_243' title='bbox 1306 2532 1400 2555; x_wconf 82' lang='lat' dir='ltr'>sane</span> <span class='ocrx_word' id='word_1_244' title='bbox 1427 2521 1526 2563; x_wconf 79' lang='lat' dir='ltr'>alia,</span> <span class='ocrx_word' id='word_1_245' title='bbox 1546 2532 1623 2565; x_wconf 80' lang='lat' dir='ltr'>qua</span> <span class='ocrx_word' id='word_1_246' title='bbox 1643 2522 1867 2565; x_wconf 76' lang='lat' dir='ltr'>superiora,</span> 
     </span>
     <span class='ocr_line' id='line_1_33' title="bbox 238 2577 544 2619; baseline 0.01 -11"><span class='ocrx_word' id='word_1_247' title='bbox 238 2577 387 2619; x_wconf 76' lang='lat' dir='ltr'>scripta</span> <span class='ocrx_word' id='word_1_248' title='bbox 406 2589 544 2611; x_wconf 83' lang='lat' dir='ltr'>manu.</span> 
     </span>
    </p>
   </div>
   <div class='ocr_carea' id='block_1_6' title="bbox 240 2710 1868 2878">
    <p class='ocr_par' dir='ltr' id='par_1_10' title="bbox 240 2710 1868 2878">
     <span class='ocr_line' id='line_1_34' title="bbox 294 2710 755 2758; baseline 0.017 -17"><span class='ocrx_word' id='word_1_249' title='bbox 294 2710 321 2729; x_wconf 77' lang='lat'>¹³</span> <span class='ocrx_word' id='word_1_250' title='bbox 375 2711 470 2744; x_wconf 84' lang='lat' dir='ltr'>Vide</span> <span class='ocrx_word' id='word_1_251' title='bbox 491 2713 543 2746; x_wconf 89' lang='lat' dir='ltr'>sis</span> <span class='ocrx_word' id='word_1_252' title='bbox 564 2716 676 2758; x_wconf 89' lang='lat' dir='ltr'>epist.</span> <span class='ocrx_word' id='word_1_253' title='bbox 697 2724 755 2758; x_wconf 88' lang='lat'>99.</span> 
     </span>
     <span class='ocr_line' id='line_1_35' title="bbox 292 2769 1868 2818; baseline 0.004 -16"><span class='ocrx_word' id='word_1_254' title='bbox 292 2769 319 2787; x_wconf 63' lang='lat'>¹4</span> <span class='ocrx_word' id='word_1_255' title='bbox 372 2770 405 2803; x_wconf 84' lang='lat' dir='ltr'>Is</span> <span class='ocrx_word' id='word_1_256' title='bbox 426 2772 603 2816; x_wconf 90' lang='lat' dir='ltr'>sequenti</span> <span class='ocrx_word' id='word_1_257' title='bbox 623 2783 722 2806; x_wconf 87' lang='lat' dir='ltr'>anno</span> <span class='ocrx_word' id='word_1_258' title='bbox 746 2773 896 2816; x_wconf 79' lang='lat'>1565-66</span> <span class='ocrx_word' id='word_1_259' title='bbox 913 2779 995 2807; x_wconf 87' lang='lat' dir='ltr'>erat</span> <span class='ocrx_word' id='word_1_260' title='bbox 1011 2773 1204 2818; x_wconf 83' lang='lat' dir='ltr'>professor</span> <span class='ocrx_word' id='word_1_261' title='bbox 1219 2773 1435 2808; x_wconf 85' lang='lat' dir='ltr'>litterarum</span> <span class='ocrx_word' id='word_1_262' title='bbox 1452 2773 1721 2808; x_wconf 88' lang='lat' dir='ltr'>humaniorum</span> <span class='ocrx_word' id='word_1_263' title='bbox 1741 2774 1778 2808; x_wconf 90' lang='lat' dir='ltr'>in</span> <span class='ocrx_word' id='word_1_264' title='bbox 1795 2775 1868 2808; x_wconf 86' lang='lat' dir='ltr'>col-</span> 
     </span>
     <span class='ocr_line' id='line_1_36' title="bbox 240 2826 1559 2878; baseline 0.006 -20"><span class='ocrx_word' id='word_1_265' title='bbox 240 2826 340 2869; x_wconf 84' lang='lat' dir='ltr'>legio</span> <span class='ocrx_word' id='word_1_266' title='bbox 360 2838 525 2862; x_wconf 89' lang='lat' dir='ltr'>romano.</span> <span class='ocrx_word' id='word_1_267' title='bbox 550 2831 604 2863; x_wconf 89' lang='lat' dir='ltr'>Ex</span> <span class='ocrx_word' id='word_1_268' title='bbox 624 2832 735 2866; x_wconf 89' lang='lat' dir='ltr'>catal.</span> <span class='ocrx_word' id='word_1_269' title='bbox 760 2844 828 2866; x_wconf 88' lang='lat' dir='ltr'>ms.</span> <span class='ocrx_word' id='word_1_270' title='bbox 851 2832 1021 2876; x_wconf 81' lang='lat' dir='ltr'>collegii.</span> <span class='ocrx_word' id='word_1_271' title='bbox 1043 2832 1103 2867; x_wconf 89' lang='lat' dir='ltr'>Cf.</span> <span class='ocrx_word' id='word_1_272' title='bbox 1126 2833 1239 2878; x_wconf 87' lang='lat' dir='ltr'>epist.</span> <span class='ocrx_word' id='word_1_273' title='bbox 1260 2844 1322 2877; x_wconf 90' lang='lat'>90,</span> <span class='ocrx_word' id='word_1_274' title='bbox 1351 2838 1479 2866; x_wconf 85' lang='lat' dir='ltr'>annot.</span> <span class='ocrx_word' id='word_1_275' title='bbox 1506 2841 1559 2867; x_wconf 86' lang='lat'>10.</span> 
     </span>
    </p>
   </div>
  </div>
 </body>
</html>
