1971 3276
292 231 357 273 284
788 230 974 264 POLANOE
1002 238 1318 264 COMPLEMENTA

239 333 365 373 datas
387 345 486 374 esse
509 331 552 372 in
577 330 807 372 sacrificiis
836 338 880 373 et
912 330 1248 385 precationibus
1273 331 1432 382 uoluit,
1461 345 1547 385 qua
1577 332 1633 374 de
1656 344 1791 373 causa
1817 332 1872 372 li-

242 408 384 450 tanias
423 417 466 450 et
507 407 862 459 uerberationes,
905 407 1046 449 multo
1085 414 1187 449 ante
1226 407 1476 450 discessum
1507 408 1604 462 ejus
1633 408 1875 462 institutas,

242 484 465 539 prosecuti
490 498 662 525 sumus.
700 485 935 525 Postremo
966 485 1018 525 R.
1059 485 1109 525 P.
1146 484 1452 526 Salmeronem
1483 484 1732 535 absentem,
1760 485 1876 527 vica-

238 562 350 602 rium
375 560 639 610 declarauit,
667 560 795 601 cuius
817 560 1005 613 Neapoli
1026 561 1211 601 Romam
1239 567 1339 614 post
1357 561 1529 603 calores
1552 561 1749 603 aestiuos
1769 576 1875 605 uen-

241 637 343 687 turi,
371 638 519 678 locum
539 636 716 679 interim
739 637 872 678 Rdus.
901 637 1056 677 doctor
1084 635 1350 690 Madridius,
1376 637 1540 691 alioqui
1561 638 1722 680 domus
1746 639 1877 680 colle-

239 714 391 768 giique
421 714 553 755 etiam
590 726 709 754 nunc
741 713 1023 767 praefectus,
1050 712 1296 764 obtineret3
1325 722 1418 755 tum
1449 713 1654 769 singulos
1684 717 1875 770 comple-

238 805 337 840 xus,
364 791 545 833 domum
577 805 625 832 se
659 789 844 844 recepit,
872 789 947 830 ubi
977 789 1218 844 postridie,
1252 803 1354 830 curn
1384 805 1409 831 a
1440 804 1583 833 coena
1613 790 1774 833 iterum
1804 793 1877 834 illa

235 868 392 908 eadem
420 866 691 908 domesticos
727 866 997 916 monuisset,
1032 867 1364 920 complexuque
1394 867 1659 921 excepisset,
1681 868 1877 910 calendis

230 943 353 1000 Julii,
382 943 569 986 Christo
596 944 728 993 duce,
758 944 984 998 profectus
1005 950 1088 985 est.

328 1034 365 1074 3.
437 1022 624 1062 Postero
649 1028 798 1063 autem
824 1020 895 1061 die
919 1020 1078 1061 doctor
1099 1020 1355 1074 Rodriguez
1374 1028 1416 1063 et
1438 1022 1487 1063 Ρ.
1503 1023 1702 1077 Joannes
1727 1022 1875 1076 Bapti—

236 1108 303 1139 sta
329 1112 557 1144 romanus,
585 1105 628 1141 et
657 1097 876 1139 Alfonsus
900 1097 1141 1151 hispanus,
1173 1096 1433 1148 coadiutor,
1469 1098 1683 1141 Venetias
1712 1098 1856 1140 disces

236 1182 408 1225 serunt,
438 1174 557 1216 missi
583 1182 627 1216 et
652 1174 734 1228 ipsi
763 1189 786 1215 a
811 1188 988 1215 summo
1009 1173 1235 1227 pontifice,
1260 1188 1347 1215 una
1367 1188 1470 1215 cum
1491 1183 1669 1216 oratore
1693 1176 1873 1229 patriar-

232 1253 347 1294 ‘chae
371 1251 649 1294 alexandrini
673 1251 706 1304 ⁴,
736 1258 783 1292 ut
807 1250 911 1293 inde
942 1251 983 1291 in
1017 1252 1281 1306 Aegyptum
1312 1252 1368 1293 ad
1397 1251 1543 1306 ipsum
1576 1251 1875 1306 patriarcham

237 1328 565 1383 quamprimum
601 1329 843 1370 soluerent.
883 1328 938 1369 Et
973 1327 1153 1381 quidem
1186 1327 1412 1382 pontificia
1443 1328 1755 1380 beneficentia,
1787 1337 1875 1370 tam

239 1413 481 1458 oratorem,
518 1419 651 1458 quam
687 1411 888 1454 nostros,
921 1404 1231 1446 sanctissimus
1270 1406 1424 1455 Pater,
1459 1411 1506 1446 ut
1537 1404 1635 1459 pius
1665 1419 1716 1446 ac
1742 1419 1876 1448 uerus

239 1482 453 1536 pontifex,
481 1483 701 1524 abeuntes
725 1489 791 1523 est
818 1489 1098 1534 prosecutus.
1131 1481 1343 1535 Vtrisque
1377 1481 1496 1523 enim
1524 1481 1670 1523 viatici
1696 1482 1875 1524 nomine

237 1559 593 1613 quadringentos
628 1572 789 1600 aureos
821 1558 966 1609 dedit,
993 1565 1037 1600 et
1069 1557 1349 1613 pontificales
1381 1566 1552 1609 vestes,
1579 1573 1747 1613 easque
1781 1560 1873 1614 pul-

240 1635 484 1677 cherrimas
508 1635 788 1690 patriarchae
819 1635 1086 1677 deferendas
1114 1634 1293 1678 adiecit.
1319 1635 1618 1690 Intelligimus
1649 1650 1725 1677 eos
1749 1648 1775 1688 4
1799 1651 1874 1677 no—

237 1726 315 1754 nas
338 1712 536 1753 octobris
561 1711 764 1755 Venetiis
788 1711 994 1762 soluisse,
1028 1719 1071 1755 et
1096 1713 1150 1753 ad
1177 1725 1199 1766 3
1232 1712 1331 1754 idus
1362 1713 1560 1755 secunda
1584 1712 1874 1767 nauigatione

236 1789 278 1829 in
303 1789 610 1843 Zacynthum,
638 1789 859 1831 Graeciae
883 1788 1092 1840 insulam,
1127 1789 1171 1830 in
1190 1788 1315 1843 jonio
1339 1789 1448 1830 mari
1484 1788 1691 1843 positam,
1719 1803 1874 1844 perue-

236 1865 370 1917 nisse,
399 1873 445 1906 ut
471 1865 574 1907 inde
599 1865 728 1907 facile
749 1872 854 1908 ante
873 1866 1084 1908 calendas
1104 1866 1376 1908 nouembres
1396 1858 1714 1907 Alexandriam
1738 1880 1876 1920 appu-

238 1942 340 1983 lisse
365 1955 612 1996 speremus.

325 2031 366 2071 4.
435 2019 528 2060 Nos
559 2032 666 2059 uero
691 2025 791 2073 post
815 2019 974 2059 horum
999 2018 1198 2059 omnium
1225 2019 1565 2073 profectionem,
1592 2020 1647 2060 ad
1673 2026 1777 2060 uota
1800 2034 1875 2060 no-

236 2103 342 2146 stra,
366 2102 414 2136 ut
433 2095 617 2147 assolet,
638 2096 916 2138 recensenda
934 2094 1167 2149 coepimus
1184 2095 1382 2138 animum
1402 2095 1644 2150 applicare,
1666 2103 1800 2150 atque
1818 2096 1877 2138 ita

236 2171 307 2214 die
338 2171 470 2214 diuae
500 2171 668 2215 Mariae
699 2172 999 2226 Magdalenae
1028 2185 1173 2227 sacro,
1205 2172 1535 2214 auctoramenti
1566 2187 1616 2214 ac
1645 2172 1877 2215 seruitutis

237 2257 418 2301 nostrae
441 2248 815 2304 chirographum,
839 2250 934 2290 Deo
954 2256 997 2292 et
1016 2249 1211 2291 Domino
1229 2256 1383 2291 nostro
1401 2249 1504 2292 laeti
1523 2259 1567 2291 et
1586 2250 1791 2292 alacriter
1812 2265 1875 2292 re-

234 2325 473 2368 citauimus
491 2334 533 2367 et
552 2325 812 2378 obtulimus,
834 2339 936 2367 cum
955 2325 1054 2380 ejus
1074 2326 1134 2368 rei
1155 2340 1289 2367 causa
1311 2325 1464 2367 multis
1483 2326 1875 2369 uerberationibus

239 2401 303 2443 usi
322 2416 523 2445 essemus
547 2410 722 2456 praeter
740 2416 816 2445 eas
839 2416 954 2456 quae
977 2402 1172 2457 singulis
1195 2401 1404 2444 noctibus
1431 2416 1571 2456 usque
1595 2403 1649 2444 ad
1667 2411 1875 2445 exactum

238 2478 484 2521 Octobrem
520 2479 634 2520 facta
664 2487 789 2531 sunt,
823 2480 1004 2533 quando
1032 2478 1177 2520 Patris
1208 2478 1432 2533 generalis
1454 2478 1614 2522 litteris
1646 2494 1698 2521 ex
1729 2479 1876 2521 Gallia

234 2554 449 2596 admoniti
480 2569 654 2607 sumus,
684 2562 732 2597 ut
756 2555 932 2598 litanias
957 2555 1135 2610 quidem
1170 2569 1556 2609 prosequeremur,
1582 2556 1660 2598 sed
1684 2562 1773 2597 tam
1804 2570 1851 2597 as

237 2631 364 2673 sidua
396 2632 537 2685 flagra
573 2631 908 2683 omitteremus,
940 2646 1055 2686 quae
1092 2639 1238 2674 tamen
1277 2646 1302 2674 a
1340 2631 1493 2673 multis
1523 2646 1659 2686 saepe
1690 2632 1875 2687 repetita

236 2715 342 2748 sunt
360 2707 562 2750 diuersas
580 2708 638 2749 ob
662 2722 836 2762 causas,
861 2716 954 2750 turn
981 2722 1060 2763 pro
1081 2707 1245 2756 Gallia,
1269 2717 1361 2750 tum
1383 2722 1462 2762 pro
1479 2708 1741 2762 Germania,
1767 2708 1875 2750 alias

314 2849 326 2865 ⁴
378 2849 495 2892 Juxta
516 2849 769 2884 SACCHINUM
788 2849 916 2894 (ibid.,
937 2861 973 2884 n.
1000 2849 1079 2893 135)
1106 2849 1269 2883 comites
1298 2849 1339 2883 P.
1369 2848 1637 2894 Christophori
1655 2848 1875 2892 Rodn'guez

236 2905 397 2940 fuerunt
417 2907 588 2951 joannes
616 2908 790 2953 Baptista
810 2908 968 2943 Elianus
995 2908 1220 2953 [romanus],
1247 2908 1481 2942 christianus
1509 2919 1557 2942 ex
1573 2907 1716 2952 judaeo
1734 2907 1872 2950 factus,

236 2965 450 3009 linguarum
471 2966 631 3013 peritus;
655 2968 877 3013 Alphonsus
897 2969 1022 3002 Bravo
1040 2967 1269 3013 [hispanus],
1287 2966 1405 3002 frater
1423 2966 1636 3012 coadjut0r3
1657 2973 1695 3001 et
1722 2968 1873 3011 legatus

240 3024 480 3068 patriarchae
507 3024 746 3060 alexandrini
767 3026 1009 3060 Abrahamus
1028 3025 1182 3072 quidam
1200 3037 1331 3071 syrus.
