1971 3276
295 194 340 220 20
799 187 987 222 PoLANc1
1014 195 1332 224 COMPLEMENTA

246 286 356 329 Dios
378 301 431 329 en
460 288 562 330 todo
588 302 668 329 nos
691 291 815 343 guie,
848 302 876 342 y
901 289 1075 342 guarde
1098 302 1122 329 a
1145 288 1201 330 V.
1231 289 1279 330 P.
1307 302 1391 329 con
1422 295 1634 330 aumento
1664 287 1881 329 continuo

246 364 302 405 de
325 379 402 406 sus
426 364 624 419 gracias,
651 379 706 406 en
731 379 871 419 cuyas
894 364 1126 407 oraciones
1149 365 1445 408 humilmente
1474 378 1543 406 me
1565 364 1876 407 encomiendo.

247 442 341 483 Dos
364 455 450 495 que
480 441 680 484 hicieron
713 442 781 483 los
807 441 1053 484 exercicios
1076 457 1105 496 y
1132 456 1179 484 se
1208 442 1496 483 confessaron
1526 441 1879 496 generalmente,

247 531 294 560 se
316 518 405 559 han
431 518 742 561 determinado
769 532 794 559 a
822 518 863 560 la
894 518 1098 573 relligion
1128 519 1184 561 de
1212 518 1473 570 Camaldoli,
1504 531 1632 559 como
1661 531 1780 560 creo.
1814 517 1882 559 De

250 593 349 636 Pisa
378 604 426 647 15
452 595 506 636 de
531 594 798 637 Deziembre
834 595 959 648 1546.

335 671 527 725 Indigno
551 671 700 713 sieruo
725 671 780 713 de
805 672 860 714 V.
892 673 941 713 P.
969 685 1026 714 en
1051 671 1135 714 X.⁰
1163 679 1346 713 nuestro
1370 677 1519 721 senor,

1104 748 1225 804 †Jo.
1253 762 1314 790 DE
1340 749 1585 791 POLANco
1610 747 1638 803 ἢ

334 825 590 878 Inscriptio.
624 825 652 880 †
677 825 735 866 Al
761 825 897 867 molto
922 825 1034 867 Rdo.
1062 825 1105 866 in
1130 825 1215 867 X.
1242 827 1293 867 P.
1320 826 1382 867 Μ.
1412 824 1587 879 Ignatio
1609 825 1664 866 de
1688 825 1783 879 Loy
1787 826 1873 875 ola

247 900 470 954 preposito
499 900 766 956 dignissimo
796 902 852 943 de
878 903 918 943 la
946 901 1228 956 Compagnia
1257 902 1313 944 de
1343 901 1500 957 Giesu,
1534 916 1616 943 suo
1644 915 1879 945 osser-uam

244 976 445 1030 dissimo,
472 977 515 1019 in
542 979 697 1030 Roma,
725 994 749 1020 a
773 979 939 1022 Sancta
964 978 1104 1021 Maria
1126 979 1182 1021 de
1205 979 1245 1021 la
1268 979 1444 1022 Strada.

1036 1093 1081 1145 10

383 1213 717 1251 DOCUMENTA
746 1214 978 1252 POLANCI
1006 1217 1078 1250 AD
1107 1216 1374 1252 DUCISSAM
1402 1215 1736 1253 FLORENTJAE

802 1319 992 1346 INEUNTE
1020 1320 1136 1347 ANNO
1167 1320 1254 1356 1547
1284 1313 1313 1347 ¹.

245 1408 278 1435 Ι.
298 1399 407 1434 Haec
423 1400 574 1433 monita
589 1400 724 1434 scribit
742 1411 850 1434 mero
865 1400 945 1434 zelo
959 1401 1123 1435 divinae
1134 1401 1396 1446 glonna—2.
1419 1400 1642 1446 Optimates
1656 1401 1700 1435 in
1713 1403 1881 1435 smnmis

312 1461 529 1493 versantur
550 1459 750 1503 periculis.
761 1468 839 1501 -ζ,
867 1459 950 1504 lpsz
974 1459 1065 1493 bene
1083 1459 1270 1505 faciendi
1295 1460 1542 1505 adjumentis
1561 1460 1697 1494 multis
1722 1461 1881 1505 potiun-

313 1522 398 1552 tur.
411 1527 494 1560 -4,
529 1518 562 1551 Α
589 1518 728 1563 quibus
754 1518 931 1552 inimicis
956 1519 1188 1553 cavendmn.
1197 1529 1279 1563 —5.
1312 1519 1465 1562 Quibus
1497 1520 1625 1553 armis
1646 1519 1877 1554 luctandum

312 1578 504 1611 adversus
523 1587 599 1612 eos,
606 1577 687 1611 —6.
714 1576 801 1620 Quo
816 1580 932 1622 pacto
949 1577 1150 1622 dignitate
1170 1579 1377 1613 utendum.

338 1685 372 1715 Ι.
433 1674 531 1729 jhs.
560 1672 701 1716 Illma.
727 1687 754 1727 y
788 1673 971 1717 Excma.
999 1687 1176 1717 senora.
1204 1674 1302 1717 Con
1333 1688 1440 1717 auer
1469 1688 1524 1716 en
1550 1674 1678 1716 todos
1700 1673 1879 1716 estados

315 1810 324 1829 ¹
380 1810 434 1842 Ex
460 1807 693 1842 adversariis
722 1809 985 1853 autographis.
1009 1808 1046 1842 in
1068 1808 1151 1843 cod.
1178 1809 1303 1854 Epist.
1328 1810 1373 1845 P.
1402 1809 1582 1850 Polanci,
1604 1819 1624 1844 2
1645 1809 1703 1854 ff„
1727 1821 1767 1844 n.
1797 1809 1875 1853 163,

243 1869 346 1914 prius
359 1876 441 1912 772,
464 1867 531 1911 773
551 1870 604 1910 (et
624 1867 740 1901 etiam
766 1876 842 1911 192,
869 1866 958 1911 193).
982 1868 1209 1902 Innumerae
1237 1874 1327 1903 sunt
1353 1867 1656 1913 emendationes,
1679 1875 1795 1915 atque
1814 1869 1875 1904 ad-

242 1927 409 1961 ditiones
437 1927 474 1960 in
506 1926 692 1971 margine3
729 1937 800 1960 1166
827 1938 980 1970 semper
1004 1932 1111 1960 certo
1141 1926 1299 1972 adparet
1329 1927 1482 1961 cuinam
1514 1928 1596 1962 loeo
1623 1927 1877 1962 adscribenda

243 1985 430 2032 quaedam
450 1985 541 2022 sint.
561 1985 646 2019 Hoc
665 1984 818 2019 videtur
838 1996 926 2019 esse
945 1984 1237 2029 documentum,
1257 1985 1359 2031 quod
1377 1985 1554 2020 ducissae
1576 1987 1795 2022 Florentiae
1814 1987 1877 2022 da-

243 2052 370 2080 turum
393 2056 434 2081 se
454 2045 491 2079 in
512 2043 702 2090 superiori
723 2044 886 2089 epistola
913 2043 976 2086 (cf.
1003 2050 1137 2079 annot.
1165 2044 1202 2087 3)
1220 2045 1354 2079 scribit
1377 2045 1578 2089 Polaticus,
1599 2045 1778 2092 quodque
1797 2058 1859 2081 rea

244 2116 312 2150 pse
332 2104 516 2139 traditum
536 2108 687 2138 constat
707 2114 755 2137 ex
775 2102 936 2146 Chron„
959 2103 987 2149 Ι,
1009 2111 1075 2137 222
1095 2103 1159 2146 (cf.
1180 2104 1362 2139 Illonum.
1385 2105 1536 2150 Ignat.,
1559 2116 1632 2139 ser.
1657 2106 1719 2149 1.³‚
1744 2106 1770 2149 Ι,
1791 2114 1875 2150 457,

244 2170 283 2198 et
305 2164 397 2198 Litt.
423 2163 654 2207 Quadrim„
678 2162 709 2206 1,
729 2161 802 2204 38).
824 2161 924 2196 Sunt
942 2162 1007 2208 qui
1025 2162 1155 2197 dicant
1169 2174 1213 2196 ea
1231 2162 1463 2198 documenta
1477 2163 1723 2209 displicuisse
1739 2165 1876 2210 princi-

244 2223 370 2268 pibus3
387 2222 488 2269 quod
508 2222 633 2268 ipsum
654 2222 908 2255 vehementer
927 2221 1055 2255 timuit
1073 2221 1262 2266 Ignatius,
1282 2224 1347 2267 qui
1364 2229 1567 2268 propterea
1586 2223 1624 2258 in
1643 2224 1806 2269 epistola
1824 2226 1874 2259 ci-

241 2288 319 2317 tata
334 2283 542 2317 Polancum
558 2280 842 2326 imprudentiae
857 2281 995 2324 arguit.
1017 2280 1159 2315 Verum
1176 2281 1216 2315 P.
1236 2281 1394 2316 Frusius
1410 2283 1458 2316 ab
1473 2282 1624 2327 Ignatio
1640 2283 1872 2319 Florentiam

241 2341 394 2384 missus,
421 2340 523 2375 inter
541 2340 627 2382 alia,
650 2345 691 2374 ut
710 2338 870 2373 inferius
896 2338 1105 2382 videbitur,
1127 2339 1173 2373 ad
1199 2340 1512 2384 investigandum
1538 2341 1586 2375 de
1608 2341 1763 2377 Polanci
1783 2343 1874 2377 acti-

242 2402 312 2435 bus
333 2400 370 2435 in
390 2401 453 2435 illa
472 2399 643 2443 regione,
671 2399 766 2432 haec
787 2397 834 2431 ad
855 2399 980 2442 ipsum
1008 2397 1203 2441 Ignatium
1223 2398 1286 2432 die
1312 2407 1351 2432 21
1377 2399 1468 2444 Maji
1497 2408 1585 2444 1547
1610 2402 1759 2436 scribit:
1787 2403 1874 2436 «Hm

240 2460 399 2494 lasciato
419 2459 457 2493 di
477 2458 558 2493 dire
577 2458 635 2492 ch'
655 2458 690 2492 el
710 2456 818 2491 detto
836 2457 968 2501 signor
989 2457 1117 2491 Pietro
1137 2456 1199 2502 [de
1218 2457 1378 2502 Toledo]
1401 2459 1572 2494 certifica
1598 2461 1659 2494 ch'
1681 2462 1716 2496 el
1743 2461 1873 2506 signos

240 2519 337 2553 duca
356 2525 394 2553 et
413 2518 498 2552 altri
517 2517 599 2552 suoi
618 2528 714 2551 sono
739 2517 839 2550 bene
861 2516 1054 2550 informati
1075 2521 1113 2550 et
1129 2515 1297 2550 edificati
1323 2516 1424 2551 della
1449 2517 1705 2564 Compagnia‚
1726 2527 1764 2555 et
1789 2532 1872 2566 spe-

240 2577 445 2612 cialmente
464 2577 498 2611 13
520 2577 674 2620 signora
692 2574 903 2618 duchezza,
928 2575 989 2609 chi
1008 2575 1055 2609 ha
1074 2575 1218 2609 babuto
1243 2575 1370 2620 piacer
1389 2576 1426 2610 di
1451 2578 1539 2622 quel
1559 2578 1629 2612 che
1653 2579 1708 2622 gli
1733 2580 1872 2614 scrisse

243 2637 344 2680 Mag.
376 2636 588 2670 Polanco.»
614 2634 734 2679 (Litt.
765 2634 1006 2679 Quadrima„
1033 2634 1063 2677 Ι,
1092 2633 1170 2677 38).
1198 2635 1310 2679 Quae
1338 2634 1418 2669 fere
1449 2637 1591 2681 repetit
1616 2637 1806 2673 Polancus
1835 2639 1871 2672 111

247 2697 406 2736 Chron.‚
429 2696 453 2731 l.
473 2705 521 2729 c.:
543 2694 766 2739 «Principes
786 2694 858 2738 ipsi
878 2695 978 2728 bene
997 2692 1154 2728 animati
1174 2705 1265 2738 erga
1287 2694 1522 2729 Societatem
1543 2702 1666 2740 erant,
1686 2708 1729 2732 36
1748 2697 1872 2732 (111615-

242 2766 283 2789 sa
303 2753 528 2800 praesertim
548 2765 595 2787 ex
616 2763 691 2798 quo
710 2753 820 2787 initio
839 2752 953 2797 hujus
972 2753 1060 2787 anni
1086 2752 1208 2798 [1547]
1228 2764 1247 2787 a
1268 2753 1432 2799 quodam
1458 2754 1506 2788 de
1531 2754 1727 2790 societate
1745 2757 1871 2804 aliqua

243 2815 280 2848 in
298 2813 451 2858 scriptis
469 2818 684 2857 acceperat,
706 2823 804 2857 quae
823 2811 870 2845 ad
889 2811 1039 2845 animae
1059 2811 1180 2856 ipsius
1199 2811 1508 2847 aedificationem
1524 2819 1562 2847 et
1581 2825 1786 2850 commune
1808 2817 1871 2851 bo-

242 2883 332 2906 num
353 2871 645 2916 pertinebant.»
661 2871 718 2904 Ex
733 2870 874 2915 quibus
895 2870 1024 2904 verbis
1043 2876 1202 2915 apparet
1221 2871 1335 2904 etiam
1356 2871 1509 2916 quando
1528 2872 1713 2918 scriptum
1735 2874 1871 2919 princi-

243 2932 280 2977 pi
300 2930 482 2965 traditum
502 2930 564 2965 sit.
586 2929 645 2964 Cf.
667 2929 822 2963 omnino
848 2928 1144 2975 Praefationem‚
1166 2930 1230 2964 ubi
1250 2930 1403 2965 Polanci
1430 2931 1570 2974 agendi
1597 2933 1693 2967 ratio
1721 2934 1872 2978 plenius

243 2990 470 3036 explicatur,
491 2989 652 3034 ejusque
671 2988 843 3023 firmatur
863 2988 1095 3023 innocentia.
