1971 3276
248 221 319 257 638
760 222 949 258 POLANOE
977 232 1291 259 COMPLEMENTA

204 324 265 365 Ea
299 338 346 367 re
379 323 579 378 cognita,
612 323 793 378 quidam
826 337 850 366 e
885 323 1050 367 nostris
1082 338 1461 379 energumenum,
1501 339 1605 369 cum
1642 333 1761 370 esset
1799 325 1844 371 ei

201 401 394 455 quodam
419 401 491 444 die
513 416 537 443 a
561 400 893 444 cacodaemone
917 401 1114 456 requies,
1140 402 1196 443 ad
1220 411 1426 445 nostrum
1453 403 1668 458 templum
1696 404 1840 446 addu-

201 477 279 520 xit.
307 477 477 520 Audita
500 477 597 520 eius
620 477 921 530 confessione,
948 491 1051 519 cum
1079 492 1252 534 «agnus
1275 478 1386 522 Dei»
1410 480 1682 523 munusculo
1709 481 1766 522 ab
1793 495 1840 522 se

199 553 385 605 dimisit,
413 568 495 597 nec
531 554 646 596 ultra
678 561 869 597 uexatus
892 562 977 610 est,
1004 562 1048 596 et
1078 568 1253 610 semper
1277 555 1439 598 deinde
1475 569 1602 598 sacra
1625 555 1837 611 mysteria

202 630 523 685 frequentauit.

287 709 358 761 63.
430 709 605 750 Prauus
634 707 679 750 in
701 720 757 751 eo
779 708 946 763 populo
976 723 1073 751 mos
1101 708 1368 751 inoleuerat:
1397 717 1569 752 aestate
1592 708 1635 750 in
1661 710 1837 764 magnis

197 784 424 826 caloribus
447 784 612 839 passim
643 799 721 840 per
744 784 873 827 uicos
897 784 1054 840 positis
1085 785 1267 839 mensis,
1293 785 1489 840 pessimo
1513 787 1742 841 exemplo,
1767 786 1836 842 pi-

196 861 280 903 ctis
304 860 522 903 chartulis
544 860 800 904 ludebatur.
830 862 878 904 Id
909 862 1068 904 uitium
1091 863 1177 905 hoc
1201 877 1334 915 anno,
1360 863 1457 905 Deo
1481 862 1664 905 fauente
1688 864 1834 905 subla-

198 946 291 980 tum
314 945 397 980 est.
426 936 668 993 impudicis
696 946 928 993 praeterea
962 938 1226 982 mulieribus
1249 938 1359 982 liber
1382 938 1427 981 in
1456 939 1673 994 oppidum
1706 947 1833 981 ante-

197 1016 282 1057 hac
305 1024 399 1057 erat
430 1022 653 1070 receptus3
679 1014 912 1070 prouisum
943 1023 1011 1058 est
1037 1022 1084 1056 ut
1113 1030 1138 1057 a
1163 1015 1505 1070 magistratibus
1534 1015 1579 1057 in
1603 1022 1832 1070 posterum

195 1092 496 1146 expellantur,
526 1092 596 1135 uel
619 1099 741 1135 certe
771 1106 795 1134 a
825 1091 996 1147 flagitio
1019 1091 1294 1147 abstineant,
1321 1093 1443 1147 quod
1465 1092 1550 1135 iam
1576 1093 1695 1135 duae
1719 1099 1831 1134 tres-

199 1182 253 1211 ue
287 1169 449 1212 fecere:
490 1183 579 1210 una
612 1168 884 1211 coenobium
915 1168 1138 1223 ingressa,
1172 1169 1256 1211 alia
1293 1169 1337 1211 in
1369 1168 1701 1212 matrimonium
1735 1170 1827 1211 col·

197 1246 358 1287 locata.

282 1322 353 1375 64.
422 1323 517 1364 Pax
541 1322 673 1365 etiam
698 1322 815 1364 inter
834 1323 999 1365 multos
1020 1331 1088 1366 est
1108 1323 1241 1365 facta:
1269 1323 1313 1365 in
1336 1323 1389 1365 iis
1412 1323 1593 1378 quidam
1620 1338 1757 1379 aegre
1776 1325 1830 1366 ad

193 1399 480 1441 concordiam
503 1412 605 1441 curn
630 1398 812 1441 inimico
835 1399 1131 1452 descendens,
1157 1400 1296 1455 patris
1322 1400 1455 1442 unius
1478 1414 1502 1442 e
1526 1400 1690 1443 nostris
1713 1400 1826 1444 iniu-

196 1475 302 1517 riam
337 1476 627 1530 querebatur3
661 1476 741 1518 sed
775 1490 876 1518 curn
907 1475 968 1517 illi
999 1491 1088 1518 non
1123 1477 1367 1519 haberetur
1397 1477 1522 1530 fides,
1557 1477 1665 1531 quin
1694 1477 1827 1519 etiam

194 1553 334 1607 uulgo
362 1552 769 1607 reprehenderetur
799 1553 854 1595 ab
884 1552 996 1605 aliis,
1030 1553 1212 1596 demum
1246 1553 1447 1608 resipuit:
1480 1553 1722 1596 comitibus
1751 1554 1828 1596 ali-

192 1638 300 1684 quot
331 1643 484 1672 secum
516 1629 773 1684 assumptis,
807 1630 862 1671 ad
892 1630 1109 1685 templum
1155 1640 1358 1672 nostrum
1397 1630 1604 1682 accessit,
1648 1630 1824 1674 ueniam

191 1720 214 1747 a
240 1708 372 1748 Patre
405 1706 669 1761 suppliciter
702 1706 845 1761 petiit,
882 1707 1125 1762 irrogatam
1159 1707 1242 1749 sibi
1282 1708 1337 1749 ab
1375 1706 1466 1758 illo,
1495 1706 1634 1749 ueluti
1660 1707 1823 1762 piaculi

191 1796 367 1834 caussa,
394 1796 583 1837 poenam
619 1786 687 1836 (ut
722 1783 892 1826 scilicet
926 1797 1029 1825 curn
1053 1783 1314 1827 aduersario
1345 1783 1389 1825 in
1421 1783 1611 1839 gratiam
1642 1783 1826 1837 rediret)

191 1874 338 1913 aequo
362 1859 511 1901 animo
536 1859 691 1903 subiit.

279 1937 349 1990 65.
418 1937 627 1991 Cognata
657 1936 817 1979 mulier
846 1936 1029 1979 hebraei
1059 1937 1312 1988 cuiusdam,
1340 1937 1414 1990 qui
1446 1952 1565 1979 anno
1590 1937 1821 1992 superiore

190 2026 292 2054 cum
323 2027 461 2055 uxore
484 2022 528 2055 et
553 2012 753 2067 quinque
777 2012 881 2055 filiis
911 2014 1058 2055 fuerat
1081 2013 1349 2068 baptizatus,
1381 2028 1500 2055 noua
1530 2014 1723 2069 quadam
1756 2029 1820 2055 ra-

189 2089 310 2131 tione
333 2090 387 2131 ad
411 2089 663 2132 CHRISTVM
687 2090 772 2131 hoc
791 2103 908 2131 anno
930 2089 1132 2132 accessit.
1158 2091 1274 2132 Cum
1296 2097 1466 2132 uestem
1486 2089 1662 2143 lineam,
1685 2098 1733 2132 ut
1753 2090 1818 2144 fit,

188 2166 358 2208 lauaret
387 2166 442 2208 ad
473 2167 664 2216 fontem,
690 2165 968 2221 interrogata
993 2174 1061 2208 est
1091 2181 1114 2208 a
1138 2165 1314 2221 virgine
1338 2181 1453 2220 quae
1483 2166 1589 2210 item
1621 2167 1816 2219 lauabat,

191 2243 384 2285 uelletne
406 2243 502 2286 fieri
525 2241 785 2285 christiana.
814 2242 929 2284 Cum
966 2244 1158 2285 hebraea
1188 2257 1278 2284 non
1312 2244 1622 2298 responderet,
1659 2243 1732 2285 illa
1765 2244 1819 2285 si-

188 2319 374 2362 lentium
409 2319 701 2374 interpretata
731 2333 1021 2372 eonsensum,
1056 2320 1205 2362 statim
1231 2335 1284 2362 ex
1315 2320 1412 2374 ipso
1436 2320 1559 2363 fonte
1583 2321 1649 2375 (ut
1674 2320 1818 2375 potuit

189 2411 266 2451 pro
291 2411 335 2438 re
365 2397 486 2451 nata)
516 2396 604 2438 ritu
628 2382 945 2438 eeclesiastico
967 2396 1230 2451 baptizauit3
1265 2396 1415 2450 itaque
1444 2395 1687 2439 christiana
1720 2410 1816 2452 per-

186 2473 348 2515 mansit
372 2488 643 2528 quamquam
672 2474 977 2517 catechismus
1007 2482 1293 2528 praepostere
1319 2472 1589 2527 baptismum
1621 2479 1687 2515 est
1712 2486 1816 2514 con·

185 2558 420 2604 sequutus

272 2628 343 2680 65.
411 2628 634 2671 Sacerdos
670 2642 786 2670 unus
819 2642 843 2669 e
877 2627 1071 2682 collegio
1108 2627 1344 2669 tusculano
1377 2626 1421 2668 in
1452 2625 1639 2681 patriam
1670 2627 1814 2681 profe-

184 2710 299 2758 ctus,
326 2704 588 2758 compositis
621 2704 903 2759 quorundam
937 2703 1138 2746 affinium
1168 2717 1352 2745 suorum
1385 2702 1644 2754 inimicitiis,
1673 2702 1815 2757 publi-

184 2792 263 2821 cae
287 2787 515 2833 praeterea
545 2780 712 2822 ciuium
745 2780 926 2822 utilitati
955 2788 1210 2835 opportune
1237 2779 1479 2822 consuluit.
1514 2780 1614 2822 Mos
1643 2786 1739 2821 erat
1769 2779 1813 2819 in

181 2867 234 2895 eo
257 2855 437 2909 oppidO,
464 2869 567 2897 cum
598 2856 698 2910 quis
722 2864 991 2912 moreretur,
1021 2856 1248 2912 proximos
1277 2856 1374 2899 eius
1398 2855 1547 2910 quoad
1578 2856 1634 2896 ab
1659 2854 1812 2897 amicis

184 2930 364 2971 honoris
392 2945 552 2974 caussa
581 2933 901 2984 inuiserentur‚
934 2932 1192 2976 domesticis
1226 2947 1324 2976 sese
1357 2932 1524 2974 finibus
1559 2931 1807 2974 continere:

185 3006 393 3061 quocirca
418 3007 550 3049 fiebat
578 3016 623 3049 ut
647 3010 753 3051 dum
781 3011 897 3051 hanc
920 3009 1097 3050 inanem
1123 3009 1355 3064 gloriolam
1380 3016 1679 3063 aucupantur,
1702 3008 1811 3048 mul·
