1971 3276
273 198 372 224 xxiv
776 190 964 225 PoLANc1
990 199 1302 226 COMPLEMENTA

308 290 597 331 «Directorium
619 292 679 338 A„
702 305 725 330 a
747 272 865 330 l³atre
887 290 1065 331 Polanco
1087 295 1363 344 compositum,
1391 293 1550 344 reliquis
1576 305 1862 345 praeponerem

225 366 388 414 propter
408 365 602 402 orationiS
629 364 963 414 perspicuitatem,
986 364 1190 403 doctrinae
1210 364 1445 411 methodum,
1467 371 1504 403 et
1525 365 1630 416 quod
1658 366 1863 416 copiosius

228 438 264 473 et
284 434 405 474 multo
427 435 588 474 uberius
610 447 658 473 ea
683 435 813 473 tradat
834 447 935 485 quae
965 436 1015 474 ad
1046 435 1149 474 hanc
1183 438 1466 475 institutionem
1497 438 1731 475 necessaria
1760 439 1862 475 sunt.

227 505 362 545 inania
382 509 540 544 caetera
561 508 652 544 sunt
673 509 710 544 et
730 505 875 552 mutila,
893 508 927 545 si
947 518 1033 545 cum
1055 506 1132 545 hoc
1153 519 1233 546 uno
1250 506 1568 547 conferantur...»

310 619 410 673 Jam
449 617 493 658 in
533 616 961 674 Constitutionibus
988 616 1229 660 Societatis
1260 618 1589 661 concinnandis
1621 620 1744 662 haud
1775 618 1865 661 exi-

228 708 364 749 guam
395 693 490 748 ipse
522 707 653 747 opem
677 692 854 747 ignatio
879 692 1066 747 legifero
1100 693 1216 736 tulit.
1254 694 1445 749 Scripsit
1467 709 1576 737 sane
1599 695 1866 738 Ribadenei-

228 785 275 812 ra
298 770 353 812 de
377 770 424 813 S.
454 771 649 812 Parente
672 770 879 823 loquens:

309 886 442 928 «Dixit
462 888 551 927 nihil
572 900 665 927 esse
687 889 723 926 in
746 887 1104 927 Constitutionibus
1127 889 1231 940 quod
1254 890 1304 927 sit
1326 887 1503 935 Polanci,
1527 893 1711 940 quantum
1734 891 1784 929 ad
1805 903 1864 930 re-

229 974 312 1002 rum
331 962 606 1006 substantiam,
628 961 703 998 nisi
724 961 761 997 in
782 971 824 997 re
846 958 1102 1010 collegiorum
1122 960 1280 1011 aliquid,
1303 963 1339 999 et
1356 962 1669 1008 universitatum;
1687 963 1792 1012 quod
1809 966 1865 1002 ta-

776 1029 824 1047 84.

229 1046 317 1072 men
340 1036 401 1072 est
422 1032 469 1071 de
491 1034 574 1083 eius
597 1034 750 1070 mente»
816 1057 824 1064 .

231 1153 297 1187 ast
325 1144 430 1186 hinc
454 1144 544 1186 duo
567 1149 803 1185 eruuntur:
838 1142 1052 1183 nonnulla
1088 1142 1143 1184 de
1178 1142 1381 1197 collegiis
1403 1150 1448 1184 et
1479 1143 1863 1194 universitatibus,

231 1222 415 1265 Polanci
445 1235 560 1271 esse,
591 1218 798 1274 quamvis
820 1233 875 1261 ex
905 1225 1055 1261 mente
1078 1219 1125 1262 S.
1162 1219 1339 1274 Ignatii;
1366 1220 1486 1272 dein,
1519 1220 1604 1263 alia
1628 1234 1727 1263 esse
1751 1235 1866 1276 quae

229 1300 298 1341 sin
329 1299 475 1341 minus
505 1297 624 1352 quod
653 1296 709 1339 ad
738 1295 1060 1349 substantiam,
1096 1295 1253 1350 utique
1284 1297 1404 1350 quod
1435 1297 1490 1339 ad
1528 1297 1864 1348 «accidentia»,

230 1374 414 1417 Polanci
437 1380 557 1416 sunt.

319 1451 575 1502 Enimvero,
611 1449 648 1490 si
682 1448 765 1490 tria
800 1447 1089 1502 inspiciamus
1124 1456 1416 1491 monumenta
1452 1450 1663 1493 confecta
1697 1451 1752 1492 ab
1782 1452 1867 1492 hoc

229 1528 458 1583 praecelso
486 1527 598 1578 viro,
634 1540 750 1580 quae
784 1539 904 1567 nunc
939 1525 1107 1566 bullam
1141 1525 1197 1567 de
1232 1525 1577 1570 confirmatione
1610 1526 1865 1580 Societatis,

230 1619 351 1647 nunc
380 1605 520 1660 ipsius
549 1601 910 1646 Constitutiones
941 1601 1292 1645 conscribendas
1320 1610 1700 1656 commentantur,
1728 1603 1865 1645 rima-

230 1682 377 1723 bimur
412 1683 614 1736 protecto
646 1679 802 1734 quanti
842 1678 885 1720 in
921 1680 1006 1720 hoc
1039 1678 1244 1721 aedificio
1276 1680 1449 1723 strenui
1482 1680 1712 1723 secretarii
1745 1681 1872 1722 labor

231 1759 538 1802 aestimandus
561 1757 618 1799 sit
642 1756 693 1799 ⁸⁵.

319 1836 522 1891 Agnovit
546 1837 662 1877 hanc
685 1849 865 1890 operam
894 1831 1093 1888 Polatici,
1122 1840 1223 1887 post
1245 1833 1487 1888 scriptores
1506 1840 1744 1884 nostrates,
1772 1832 1869 1874 illu-

229 1914 332 1957 stris
356 1912 615 1956 Ludovieus
640 1913 816 1965 Pastor,
843 1910 887 1952 in
918 1924 998 1952 sua
1026 1909 1298 1951 Pontificum
1328 1909 1527 1952 Historia
1558 1909 1618 1951 ita
1646 1909 1866 1951 scribens:

311 2032 410 2072 «Um
432 2031 606 2070 dieselbe
627 2029 711 2069 Zeit
731 2031 917 2069 bereitete
939 2043 981 2069 er
1002 2029 1068 2069 aui
1090 2030 1165 2067 den
1186 2027 1363 2066 Wunsch
1386 2030 1518 2066 seiner
1539 2031 1673 2066 ersten
1703 2026 1870 2067 Gefahr-

230 2111 294 2145 ten
314 2106 392 2144 und
413 2106 526 2142 unter
544 2114 661 2153 reger
681 2100 879 2140 Mitarbeit
900 2103 1034 2140 seines
1055 2099 1268 2139 Sekretars
1291 2097 1470 2138 Polanco
1492 2101 1578 2138 eine
1599 2098 1872 2148 Erweiterung

231 2180 339 2228 jenes
367 2180 499 2214 ersten
522 2172 743 2213 Entwurfes
771 2173 839 2211 der
865 2171 988 2223 Regel
1018 2172 1087 2210 der
1109 2169 1377 2210 Gesellschaft
1404 2182 1487 2217 vor,
1510 2169 1684 2209 welchen
1707 2170 1767 2208 die
1794 2168 1871 2208 Be-

1211 2242 1240 2261 sa

233 2246 564 2300 statigungsbulle
585 2258 675 2284 vom
696 2244 819 2295 Jahre
846 2243 943 2283 1540
966 2242 1188 2282 enthielt...»
1244 2274 1251 2281 .

323 2361 378 2402 Et
403 2358 534 2413 paulo
559 2364 674 2412 post:

315 2476 451 2516 «Nach
483 2478 556 2515 den
587 2474 904 2525 Bemerkungen,
932 2474 1078 2512 welche
1106 2474 1214 2523 jeder
1241 2473 1415 2511 einzelne
1445 2472 1639 2523 gemacht,
1671 2472 1786 2511 nahm
1817 2484 1871 2518 er,

233 2561 313 2587 von
335 2546 513 2586 Polanco
535 2549 779 2590 unterstiitzt,
802 2546 902 2583 viele
924 2545 1217 2595 Aenderungen
1240 2556 1379 2582 vor...»
1402 2545 1442 2582 ⁸⁷.

288 2710 317 2729 ⁸4
367 2709 411 2742 In
430 2707 564 2742 codice
585 2706 822 2745 Recuerdoe,
840 2704 904 2739 fol.
926 2712 1011 2747 97v.
1036 2703 1133 2737 Vide
1161 2703 1342 2737 Monam.
1374 2703 1523 2748 Ignat.,
1553 2714 1628 2740 ser.
1662 2704 1726 2749 1.“,
1754 2703 1785 2745 Ι,
1813 2703 1873 2750 39,

237 2767 393 2803 «Codex
417 2775 494 2810 19».

290 2827 318 2846 ⁸⁵
370 2827 423 2860 Ea
441 2824 584 2870 scripta
603 2823 719 2858 edere
738 2823 777 2857 in
797 2822 898 2856 serie
918 2820 971 2856 33²
989 2821 1204 2865 Ignatiana‚
1233 2820 1544 2855 constitutiones
1571 2822 1868 2867 complectente,

237 2887 274 2921 in
294 2886 394 2920 votis
414 2884 525 2919 nobis
545 2889 617 2919 est.
639 2881 698 2917 Cf.
720 2881 882 2916 Constit.
903 2881 996 2926 S.J.
1014 2881 1085 2917 lat.
1101 2883 1137 2914 et
1150 2880 1264 2923 hisp„
1282 2879 1375 2915 edit.
1393 2880 1535 2919 Matrit.
1560 2879 1663 2925 1892,
1685 2892 1771 2927 pag.
1789 2880 1872 2917 330.

290 2945 319 2964 ⁸⁶
369 2943 443 2989 Op.
465 2943 548 2987 cit.,
570 2943 617 2986 V,
642 2951 708 2986 411
731 2941 840 2985 (edit.
861 2941 978 2985 hisp.‚
999 2939 1087 2984 XII,
1111 2940 1183 2984 47).

291 3004 318 3023 ⁸⁷
370 3003 486 3045 Ibid.,
507 3011 574 3046 412
593 3001 702 3044 (edit.
722 3001 840 3045 hisp.‚
864 2999 975 3044 ibid.)
