1971 3276
742 210 997 238 PROOEMIUM
1540 213 1639 240 XXIII

59 312 229 347 notum.
260 306 418 347 Posset
441 303 574 346 etiam
598 303 737 346 videri
760 303 1025 358 designatus
1045 303 1229 345 Polanci
1247 303 1396 346 socius
1415 304 1464 347 P.
1487 307 1685 361 Joannes

61 383 221 422 Petrus
246 380 416 436 Maffei‚
441 379 515 422 cui
537 380 793 435 injungitur
816 394 840 422 a
864 379 1047 435 Borgia,
1076 386 1125 421 ut

137 498 325 549 «Quanto
348 499 426 539 alla
447 499 625 538 Historia
655 499 758 538 della
789 497 1053 549 Compagnia‚
1075 498 1202 538 faceia
1221 501 1388 550 ricapito
1409 499 1446 539 al
1469 498 1511 539 Ρ.
1535 498 1681 540 Polan-

57 583 118 618 co,
140 575 177 610 et
197 573 231 610 si
252 573 316 610 dia
336 573 555 622 principio»
580 571 623 617 7“·’;

56 682 134 725 sed
158 683 406 737 putandum
430 689 498 724 est
521 688 598 723 aut
623 681 680 722 ad
707 680 964 723 Clzrom'con
988 682 1075 723 hoc
1100 695 1189 723 non
1214 683 1455 737 pertinere,
1482 689 1560 724 aut
1592 696 1683 725 rem

57 759 226 801 effectu
249 758 465 801 caruisse:
493 772 630 812 quum
652 772 772 800 anno
790 758 997 812 sequenti
1016 758 1248 802 Bononiae
1264 758 1436 802 dederit
1458 759 1681 802 Polancus

57 849 168 890 quas
197 835 366 878 litteras
387 834 585 878 diximus
602 834 750 876 modo.

146 911 424 954 Historicum
456 925 569 966 opus
598 911 847 966 perfectum
880 926 972 953 non
995 911 1221 955 scribebat
1249 912 1486 964 Polancus,
1515 918 1561 953 ut
1589 912 1684 967 ipse

59 990 247 1030 fatetur:
293 988 483 1043 sylvam,
531 1002 664 1042 quam
702 988 949 1041 vocabant,
990 988 1163 1043 paravit
1208 987 1441 1040 historiae3
1488 988 1685 1032 rationes

58 1065 146 1107 imo
167 1065 461 1107 constituerat
490 1063 654 1118 quibus
682 1063 776 1119 ipse
805 1077 902 1106 eam
932 1063 1162 1107 materiem
1191 1064 1247 1106 ad
1265 1063 1439 1118 justum
1464 1078 1577 1120 opus
1610 1065 1684 1108 ad-

59 1141 213 1184 hibere
235 1141 465 1196 cogitabat
489 1140 539 1182 ⁸⁰.
567 1142 717 1195 Quam
740 1154 846 1183 vero
868 1140 1063 1182 illustres
1085 1141 1213 1182 dotes
1236 1140 1435 1182 historici
1458 1140 1503 1182 in
1523 1155 1606 1182 suo
1623 1142 1687 1183 la-

57 1220 165 1261 bore
193 1216 455 1269 ostenderit,
487 1231 575 1258 non
607 1224 675 1259 est
706 1223 910 1258 nostrum
941 1216 1105 1258 dicere:
1135 1215 1340 1271 diligenti
1370 1217 1529 1259 lectori
1559 1224 1685 1272 pate-

57 1296 187 1342 bunt:
215 1293 452 1337 audiantur
475 1301 519 1335 et
542 1293 647 1335 clari
671 1293 912 1348 scriptores
936 1292 1010 1347 qui
1038 1292 1293 1334 Clzronicon
1324 1293 1532 1335 laudibus
1556 1308 1685 1335 orna-

59 1378 162 1413 runt
187 1370 237 1414 ⁸¹.

147 1447 471 1491 Exercitiorum
495 1446 791 1502 spiritualium
816 1446 959 1488 sancti
984 1445 1145 1500 Ignatii
1174 1453 1321 1488 exstat
1344 1461 1368 1488 a
1395 1447 1590 1489 Polanco
1617 1449 1684 1490 fa-

59 1532 129 1566 cta
153 1524 270 1580 (licet
294 1538 382 1565 non
408 1524 618 1579 perfecta)
639 1522 937 1578 paraphrasis,
957 1522 1029 1564 vel
1047 1521 1198 1576 potius
1217 1521 1364 1563 versio
1384 1523 1689 1577 paraphrasti-

60 1615 127 1653 ca3
154 1600 357 1656 pervenit
380 1614 523 1655 usque
546 1600 602 1641 ad
625 1598 888 1643 exercitium
910 1598 991 1640 «de
1015 1597 1157 1640 tribus
1182 1598 1411 1640 hominum
1435 1598 1678 1642 classibus»

59 1677 169 1729 sive,
196 1684 244 1718 ut
272 1676 478 1727 dicimus,
514 1675 768 1718 «binariis».
797 1676 878 1719 Sat
901 1674 1099 1730 eleganti
1126 1673 1264 1716 utitur
1288 1689 1514 1730 sermone,
1539 1683 1586 1717 ut
1609 1690 1689 1731 pu-

60 1761 154 1797 tare
186 1753 316 1795 liceat
348 1752 558 1807 scriptam
597 1752 733 1794 fuisse
762 1766 860 1794 eam
891 1751 1142 1793 versionem
1177 1758 1224 1792 ut
1249 1751 1319 1793 vel
1342 1751 1618 1794 eruditorum
1641 1752 1686 1794 in
1740 1744 1744 1747 ¹

59 1829 265 1872 manibus
283 1835 540 1884 poneretur.
564 1830 710 1871 Eccur
728 1842 817 1870 non
839 1827 1264 1887 perfecitPForsitan
1285 1828 1575 1882 praeferenda
1592 1828 1686 1871 visa

60 1905 192 1949 fuerit
220 1920 273 1948 ea
300 1919 432 1960 quam
466 1904 749 1959 «vulgatam»
784 1904 1080 1959 appellamus,
1108 1904 1268 1945 Frusio
1296 1911 1496 1956 auctore3
1524 1912 1601 1947 aut
1623 1906 1687 1948 la<

59 1984 189 2025 bores
213 1981 393 2024 maximi
418 1981 726 2032 advenientes,
754 1988 931 2035 tempus
954 1980 1203 2022 ademerint
1238 1981 1450 2024 Polanco.

148 2059 236 2102 Sed
262 2059 481 2100 habemus
511 2057 565 2099 de
595 2058 681 2099 hac
712 2071 759 2099 re
788 2071 902 2112 opus
925 2057 1023 2111 ejus
1046 2057 1332 2111 praeclarius:
1360 2058 1685 2100 Exercitiorum

60 2135 360 2178 Directorium
395 2133 446 2186 ⁸²,
485 2134 606 2176 haud
634 2134 740 2176 dum
770 2133 814 2174 in
845 2134 990 2176 lucem
1014 2133 1201 2184 editum,
1227 2134 1283 2176 de
1306 2147 1396 2188 quo
1422 2134 1594 2189 plenam
1620 2149 1689 2177 ac-

60 2211 210 2266 quires
240 2211 442 2253 notitiam
473 2224 612 2265 quum
638 2209 862 2253 Exercitia
886 2211 1062 2265 (nempe
1090 2211 1227 2253 series
1252 2213 1322 2254 2.a
1346 2212 1592 2265 Ignatiana)
1618 2212 1687 2255 edi

61 2288 248 2343 possint.
283 2287 332 2329 In
365 2286 617 2342 praesentia
651 2293 719 2328 sat
751 2286 881 2328 nobis
915 2286 998 2329 erit
1033 2294 1190 2329 testem
1227 2288 1473 2342 producere
1511 2288 1691 2331 minime

60 2364 457 2415 contemnendum,
494 2366 671 2406 Patrem
702 2362 947 2418 Aegidium
978 2364 1213 2406 Gonzalez
1238 2363 1412 2416 Davila3
1449 2364 1524 2418 qui
1548 2364 1691 2406 diver—

61 2455 108 2482 sa
131 2440 371 2484 directoria
395 2454 635 2484 recensens
658 2446 794 2494 atque
817 2441 1038 2482 adnotans
1062 2439 1112 2493 ⁵³²³,
1140 2439 1203 2482 sic
1226 2440 1397 2495 incipit:

114 2588 142 2607 ⁷⁹
194 2589 236 2625 S.
259 2588 303 2625 F.
324 2587 493 2633 Borgicz,
516 2587 562 2630 V,
584 2586 665 2630 484.

115 2648 143 2666 '⁵⁰
193 2646 292 2681 Vide
315 2646 475 2688 Chron.,
498 2646 530 2690 I,
549 2653 582 2691 7,
602 2646 624 2689 ξ
641 2651 696 2689 4.⁰

114 2706 139 2725 ³¹
195 2706 248 2741 Ut
266 2705 341 2740 ΡΡ.
362 2703 618 2747 Bollandiani,
640 2703 832 2738 Analecta
853 2702 1143 2746 Bollandiana,
1166 2702 1272 2747 XIII,
1299 2703 1382 2747 3033
1410 2704 1689 2748 FOUQUERAY,

62 2764 168 2799 Hist.
190 2766 236 2799 de
255 2765 295 2799 la
318 2764 358 2799 C.
379 2765 425 2799 de
437 2763 478 2810 J.
501 2775 547 2797 en
567 2763 734 2803 France,
755 2762 785 2806 I,
808 2770 906 2807 XV113
928 2767 1003 2796 etc.

115 2823 143 2842 ³²
193 2823 400 2869 Reperitur
425 2822 705 2867 autographum
732 2821 892 2864 Romae,
920 2820 956 2854 in
986 2820 1225 2854 «Biblioteca
1250 2820 1417 2855 Vittorio
1443 2823 1692 2864 Emanuele»,

65 2881 155 2919 Mss.
179 2881 385 2923 Gemitici,
410 2890 513 2926 1594,
532 2892 570 2917 n.
590 2880 624 2922 8,
646 2885 876 2925 constatque
898 2885 984 2914 octo
1004 2879 1156 2924 plicatis
1175 2879 1291 2916 foliis.

116 2940 144 2959 ss
194 2940 359 2985 Ibidem,
379 2946 418 2975 et
435 2940 571 2975 eodem
591 2939 629 2974 in
649 2938 754 2974 fasce
773 2940 845 2973 sub
865 2950 901 2973 n.
921 2940 955 2984 6;
978 2939 1095 2972 habet
1114 2939 1302 2984 scriptura
1322 2947 1365 2973 22
1385 2938 1485 2981 folia,
1508 2951 1551 2973 ac
1570 2939 1693 2984 dupli-

64 2999 99 3033 ci
118 3000 165 3033 ab
182 3000 408 3034 amanuensi
427 3006 583 3033 exarata
602 3004 675 3035 est.
