1971 3276
610 194 748 231 EPIST.
781 194 1034 240 124—JUL10
1065 195 1154 239 1566
1581 208 1648 244 595

66 292 162 347 cepi
193 292 360 335 litteras
391 295 442 335 P.
481 294 557 345 V.‚
598 294 647 336 18
680 294 785 337 Maii
809 295 952 338 datas.
988 296 1204 339 Redditae
1234 297 1344 339 mihi
1373 306 1477 340 sunt
1511 307 1553 342 et
1583 300 1698 353 illae,

67 383 182 422 quae
205 368 346 423 pridie
369 370 580 412 calendas
604 370 771 425 Aprilis
792 371 923 415 datae
950 373 1144 414 fuerunt.
1172 374 1307 427 Quod
1339 388 1386 416 se
1416 375 1568 419 dolere
1590 377 1698 418 scri-

67 444 129 486 bit
154 445 318 487 multos
343 446 660 500 Braunsberga
685 454 864 502 propter
891 455 1056 490 metum
1081 449 1358 501 discessisse,
1385 452 1527 493 multo
1554 452 1697 495 maio-

66 535 158 564 rem
177 535 229 563 ea
247 536 318 564 res
337 521 445 563 mihi
465 522 665 566 dolorem
683 523 849 566 attulit.
878 525 974 567 Nec
1000 534 1093 567 erat
1117 527 1254 580 pestis
1274 534 1418 570 metus
1438 528 1570 580 ullus,
1590 543 1693 571 cum

66 611 147 640 nec
171 612 288 641 unus
312 598 475 653 aliquis
497 606 624 654 peste
648 607 854 643 mortuus
878 601 1026 644 fuerit.
1055 602 1144 645 Sed
1168 601 1251 644 fuit
1276 603 1395 645 aliud
1414 604 1625 658 quiddam
1647 605 1692 647 in

66 688 217 717 causa.
246 675 468 717 Paulatim
492 690 570 730 per
593 676 677 719 Dei
702 677 892 732 gratiam
917 678 1286 720 scholasticorum
1312 694 1529 723 numerus
1554 695 1698 737 auge-

68 758 155 805 tur,
188 752 267 793 sed
296 759 343 793 ut
373 760 594 806 exaequet
623 766 778 794 eorum
809 768 1046 797 numerum
1076 754 1331 809 aliquando,
1366 757 1441 810 qui
1467 757 1549 799 fuit
1577 772 1695 800 anno

67 829 270 882 proximo
294 829 531 884 superiori,
559 829 703 885 magis
726 838 881 885 optare
905 845 1037 885 quam
1065 846 1244 886 sperare
1268 832 1418 876 licebit
1443 833 1473 877 ².

155 916 191 947 2.
256 906 313 947 D.
342 905 618 948 Baltasarem
645 905 658 925 ³
683 907 722 949 ei
746 906 938 960 collegio
959 909 1236 962 praefectum
1267 909 1316 951 iri
1340 911 1485 964 placet
1509 918 1540 953 ³.

153 993 194 1034 3.
262 981 496 1022 Venerunt
528 988 679 1023 autem
713 997 767 1025 ex
801 982 1010 1026 inferiore
1042 984 1285 1027 Germania
1320 986 1539 1038 nonnulli,
1578 1002 1692 1042 quo-

68 1071 165 1098 rum
196 1071 313 1098 unus
343 1064 412 1099 est
434 1057 590 1099 doctor
616 1059 816 1113 Joannes
846 1060 1056 1102 Astensis
1080 1059 1111 1113 ⁴,
1144 1060 1236 1114 qui,
1268 1075 1369 1102 cum
1404 1062 1497 1105 dies
1526 1064 1695 1118 aliquot

66 1133 186 1188 apud
204 1148 274 1176 me
293 1141 596 1175 commoratus
615 1134 787 1186 fuisset,
815 1135 938 1177 uisus
954 1143 1021 1177 est
1042 1136 1147 1178 mihi
1169 1137 1233 1178 uir
1252 1151 1350 1180 esse
1374 1139 1488 1181 bene
1512 1140 1691 1184 doetus.

67 1209 218 1253 Audio
249 1211 368 1264 quod
399 1209 539 1252 utitur
562 1210 784 1254 inferioris
807 1211 1078 1255 Germaniae
1108 1212 1279 1268 lingua,
1313 1215 1460 1266 cuius,
1488 1217 1694 1270 quamuis

66 1286 163 1329 aliis
182 1286 226 1328 in
245 1286 354 1329 locis
377 1286 525 1329 minus
549 1288 706 1330 creber
724 1288 780 1329 sit
806 1302 929 1343 usus,
957 1296 1124 1340 tamen,
1148 1290 1221 1331 ubi
1245 1291 1503 1346 degendum
1522 1301 1590 1334 est
1614 1293 1690 1345 illi,

67 1364 414 1420 Braunsbergae
432 1364 556 1408 ciues
573 1379 729 1407 omnes
750 1365 857 1418 fere,
881 1365 986 1421 quin
1006 1373 1050 1408 et
1074 1367 1376 1421 proximarum
1399 1369 1602 1412 uillarum
1623 1385 1693 1413 co-

66 1441 169 1494 loni,
194 1442 441 1496 loquuntur
467 1456 519 1484 ea
541 1441 711 1497 lingua,
740 1450 785 1484 ut
815 1443 935 1484 bona
960 1457 1062 1498 spes
1086 1458 1155 1485 me
1188 1451 1336 1486 teneat
1366 1460 1453 1486 non
1478 1446 1692 1501 exiguum

65 1518 183 1561 illius
207 1533 337 1561 usum
362 1520 471 1561 fore.
500 1520 568 1561 De
592 1519 809 1574 magistro
832 1519 1016 1563 Simone
1040 1519 1053 1538 ⁵
1080 1521 1277 1575 prudens
1301 1522 1412 1563 mihi
1431 1522 1694 1566 deliberatio

68 1595 205 1637 fuisse
227 1594 404 1637 uidetur
429 1595 529 1638 Rdi.
559 1596 705 1638 Patris
733 1596 962 1638 Francisci
987 1595 1017 1647 ⁶,
1046 1611 1101 1638 ne
1125 1598 1328 1639 mittatur
1357 1598 1443 1641 alio
1473 1600 1559 1640 hoc
1585 1606 1690 1643 tem-

66 1685 187 1726 pore;
210 1680 310 1726 post
335 1686 475 1714 unum
500 1679 577 1714 aut
599 1673 789 1714 alterum
816 1687 1014 1716 mensem
1040 1681 1186 1728 potest
1209 1675 1294 1715 hoc
1320 1675 1414 1718 fieri
1439 1676 1689 1720 commode.
1734 1730 1737 1733 ι

66 1749 214 1799 Nunc,
236 1748 272 1789 si
290 1748 643 1804 Christophorus
664 1747 676 1767 ⁷
696 1749 897 1791 discedat
920 1750 1029 1792 satis
1047 1757 1128 1802 est,
1149 1764 1280 1804 quem
1301 1765 1388 1806 ego
1406 1760 1528 1794 certe
1548 1752 1692 1794 uirum

65 1838 164 1868 esse
192 1825 323 1868 ualde
346 1826 467 1880 pium
491 1825 656 1880 iudico,
683 1828 762 1870 sed
792 1827 912 1881 quod
942 1826 1003 1868 illi
1028 1827 1112 1868 fuit
1136 1828 1300 1869 munus
1324 1827 1602 1883 impositum,
1630 1828 1692 1870 ui·

1325 1904 1337 1923 8

65 1901 229 1945 dentur
251 1901 369 1944 illius
398 1902 571 1944 humeri
597 1903 710 1946 ferre
740 1918 832 1945 non
862 1903 1078 1958 potuisse.
1115 1905 1298 1946 Petrum
1371 1906 1571 1947 reuocari
1602 1907 1692 1948 nol-

67 1978 167 2022 lem.
204 1979 426 2033 Quamuis
455 1979 572 2023 enirn
602 1994 704 2022 eum
735 1982 1152 2035 braunsbergenses
1181 1995 1269 2022 non
1309 1981 1578 2038 intelligant,
1616 1982 1693 2024 mi·

66 2068 163 2096 rum
187 2063 336 2098 tamen
360 2066 444 2107 est,
467 2056 586 2110 quod
604 2070 707 2098 eum
732 2057 776 2098 in
801 2057 1001 2111 proximo
1025 2057 1188 2112 oppido
1212 2072 1311 2100 meo
1337 2057 1562 2099 Wormidt
1580 2059 1694 2101 bene

67 2130 191 2174 ciues
220 2131 494 2187 intelligunt.
529 2133 582 2174 Et
613 2132 729 2175 sicut
757 2147 859 2174 cum
890 2133 1089 2175 ascendit
1119 2134 1380 2176 cathedram
1416 2135 1691 2176 Braunsber-

135 2266 149 2282 ⁸
199 2267 367 2312 Scripsit
397 2268 608 2302 librarius:
634 2278 708 2302 non
741 2269 879 2313 placet,
901 2271 1127 2302 atramento
1154 2268 1328 2312 pallido,·
1356 2269 1525 2302 deletum
1544 2273 1599 2303 est
1618 2281 1693 2304 non

64 2328 289 2360 atramento
308 2327 444 2371 nigro,
456 2327 567 2372 forte
582 2327 629 2361 ab
645 2328 728 2371 ipso
746 2326 1053 2371 cardinalihqui
1074 2327 1114 2360 in
1128 2326 1401 2361 subscribendo
1416 2330 1691 2362 atramentum

68 2385 231 2430 nigrum
251 2386 446 2421 adhibuit.

198 2516 257 2549 De
276 2516 334 2550 his
356 2518 398 2551 S.
423 2515 568 2550 Franc.
592 2517 763 2562 Borgia,
784 2516 848 2561 IV,
874 2517 951 2560 169,
977 2524 1053 2560 172,
1077 2525 1142 2550 222
1164 2521 1202 2550 et
1222 2515 1302 2559 253.

199 2573 259 2608 Cf.
281 2575 396 2619 epist.
421 2574 500 2615 116,
522 2580 652 2608 annot.
676 2584 709 2611 2.

199 2632 259 2667 Cf.
281 2633 408 2678 Epist.
431 2633 475 2668 P.
498 2633 646 2676 Nadal‚
670 2634 738 2675 Ill,
756 2642 813 2678 45.

197 2691 331 2726 Simon
352 2698 552 2737 prutenus.
574 2692 689 2736 Ibid.‚
711 2702 770 2736 45,
799 2693 854 2726 16:
881 2698 920 2726 et
940 2701 1022 2734 205.

198 2750 238 2784 Ρ.
262 2751 491 2785 Franciseus
513 2751 727 2785 Sunnerius
750 2751 949 2796 (Sunyer).
969 2750 1066 2784 Vide
1084 2751 1208 2793 Epist.
1240 2751 1285 2787 P.
1308 2751 1455 2794 Nadal,
1481 2751 1529 2796 ΙΙ,
1551 2761 1632 2796 549ς
1654 2756 1692 2786 et

69 2808 109 2844 S.
130 2808 273 2843 Franc.
293 2810 465 2855 Borgia‚
486 2809 552 2853 IV,
575 2818 655 2848 222,
677 2816 753 2844 etc.

137 2864 149 2883 ⁷
200 2865 241 2898 Ρ.
264 2865 563 2910 christophorus
583 2866 828 2900 StrobelliuS.
851 2865 952 2899 Ibid.

137 2923 149 2942 ⁸
200 2923 241 2959 P.
268 2923 406 2958 Petrus
436 2924 550 2958 Phae'.
581 2924 640 2959 Cf.
672 2924 711 2961 S.
740 2925 886 2959 Frunc.
918 2924 1085 2969 Borgia,
1119 2923 1183 2967 lV,
1212 2932 1292 2968 215,
1323 2929 1361 2957 et
1390 2923 1515 2969 Epist.
1537 2925 1581 2959 P.
1612 2924 1692 2959 Na-

73 2982 156 3023 dal,
173 2981 243 3025 111,
265 2982 344 3017 285.

134 2692 147 2768 &at-Y!
135 2515 149 2651 'hv-7¹0
