1971 3276
562 213 698 246 EPIST.
727 210 879 255 74—31
912 212 1160 246 DECEMssais
1191 211 1278 253 1562
1627 207 1690 243 331

113 314 202 356 lum
228 312 366 363 ciues,
394 312 472 355 sed
495 312 614 366 apud
637 319 815 353 exteros
839 311 973 354 etiam
998 313 1184 366 populos
1208 313 1377 354 clarum
1397 314 1636 357 Societatis
1661 327 1739 354 no-

113 403 212 431 men
238 390 472 430 habeatur.
501 389 562 429 lta
586 387 770 442 praelati
788 387 940 441 aliqui,
966 394 1009 429 et
1029 401 1220 442 magnae
1243 388 1315 429 alii
1339 390 1628 431 authoritatis
1654 390 1739 432 uiri

110 474 314 508 nostrum
338 464 579 519 collegium
604 464 793 507 libenter
824 463 1063 518 aliquando
1093 465 1275 508 adeunt.
1305 466 1423 507 Inter
1456 467 1538 507 hos
1570 474 1739 510 aestate

111 541 309 596 proxima
334 540 458 584 uenit
480 540 535 582 ad
559 554 642 581 nos
662 539 980 595 Hispaniarum
1000 541 1179 595 legatus
1200 540 1249 592 ¹⁰,
1271 541 1362 597 qui,
1386 548 1435 583 ut
1454 549 1520 584 est
1540 543 1675 584 homo
1694 543 1738 584 in

109 624 297 671 vtraque
333 617 563 659 literatura
597 623 818 667 uersatus,
856 616 1182 671 disputationes
1217 617 1332 660 intra
1367 626 1570 660 nostrum
1605 620 1736 661 colle-

109 694 233 749 gium
258 693 456 748 priuatas
478 693 651 734 institui
676 692 835 747 uoluit,
863 693 1195 748 philosophicas
1217 702 1261 736 et
1286 696 1580 749 theologicas,
1609 712 1738 751 pran-

107 784 183 812 sus
220 783 274 811 eo
312 770 384 813 die
423 769 673 813 nobiscum.
717 771 812 813 Nec
837 777 936 825 post
968 772 1132 812 multos
1172 771 1267 813 dies
1299 773 1457 814 Rmus.
1493 780 1537 815 et
1568 774 1733 816 Illmus.

104 846 341 889 cardinalis
367 848 682 898 Borromaeus,
710 847 872 888 summi
900 847 1126 901 pontificis
1150 863 1306 902 nepos,
1332 863 1434 890 cum
1461 849 1533 890 illo
1558 849 1654 904 ipso
1677 850 1737 891 le-

107 930 214 978 gato
236 931 441 965 nostrum
465 923 707 977 collegium
731 923 902 975 inuisit;
929 938 1042 979 quos
1067 938 1184 966 unus
1207 939 1261 967 ex
1287 926 1613 979 professoribus
1638 926 1734 981 phi-

106 999 356 1054 losophiae,
381 1014 484 1041 cum
510 999 628 1041 illius
651 1000 838 1042 classem
866 1007 1017 1042 essent
1036 1000 1243 1055 ingressi,
1271 1001 1466 1056 eleganti
1493 1009 1537 1044 et
1561 1004 1735 1057 apposi-

106 1083 150 1117 ta
172 1076 372 1119 oratione
396 1076 586 1131 excepit.
614 1076 728 1118 Cum
755 1076 859 1117 item
881 1077 1067 1118 classem
1088 1077 1335 1120 rhetoricae
1354 1078 1545 1132 ingressi
1565 1087 1733 1135 essent,

104 1151 200 1194 eius
225 1153 448 1195 facultatis
472 1154 714 1208 professor,
744 1152 810 1194 uir
836 1153 880 1194 in
900 1167 954 1194 eo
976 1167 1143 1207 genere
1161 1168 1378 1206 summus,
1400 1155 1603 1198 oratione
1626 1171 1733 1211 gra-

107 1228 312 1270 tulatoria
338 1236 578 1284 utrumque
601 1229 795 1281 ornauit;
824 1230 979 1273 laudes
1011 1229 1271 1285 singillatim
1295 1230 1650 1286 Vniuscuiusque
1674 1232 1733 1275 ita

106 1307 305 1348 modeste
329 1313 373 1348 et
396 1306 636 1350 artificiose
661 1307 939 1361 complexus,
968 1314 1016 1348 ut
1042 1322 1203 1361 magna
1226 1307 1323 1349 illos
1347 1316 1390 1349 et
1412 1309 1663 1363 uoluptate,
1690 1317 1734 1352 et

106 1375 399 1425 admiratione
443 1383 656 1426 affecerit.
701 1384 959 1439 Collegium
999 1384 1162 1427 deinde
1202 1384 1437 1438 intrantes,
1460 1386 1734 1428 carminibus

103 1467 208 1500 sunt
232 1459 395 1511 latinis,
422 1460 597 1515 graecis
621 1468 665 1503 et
690 1460 912 1503 hebraicis
943 1460 1133 1514 excepti.
1161 1461 1203 1502 A
1227 1462 1417 1516 prandio
1442 1476 1548 1504 uero
1572 1463 1728 1518 dispu—

104 1542 245 1577 tatum
269 1543 352 1588 est,
378 1536 665 1591 quaestiones
689 1537 967 1591 theologicas
999 1538 1147 1591 legato
1172 1545 1465 1592 proponente,
1494 1553 1605 1592 quas
1628 1554 1729 1581 cum

102 1612 177 1653 vni
195 1627 249 1655 ex
274 1613 436 1655 nostris
453 1614 714 1656 doctoribus
732 1613 1038 1656 defendendas
1060 1614 1331 1665 tradidisset,
1354 1614 1397 1655 in
1417 1629 1520 1656 eum
1542 1616 1729 1670 primum

102 1689 279 1744 legatus
302 1689 411 1744 ipse,
439 1697 533 1731 tum
559 1690 738 1744 quidam
763 1704 852 1731 non
876 1690 1073 1745 vulgaris
1101 1690 1342 1732 cardinalis
1370 1692 1542 1742 doctor,
1568 1692 1731 1735 deinde
1763 1690 1766 1693 ’

101 1766 238 1807 nostri
257 1767 469 1808 doctores
488 1773 757 1821 argumenta
780 1767 824 1807 in
848 1781 899 1809 ea
918 1766 1254 1809 concertatione
1273 1776 1620 1822 proposuerunt;
1644 1784 1731 1823 qua

98 1856 153 1884 ex
193 1858 238 1885 re
277 1857 366 1884 non
406 1842 678 1886 mediocrem
723 1842 783 1883 illi
824 1843 1100 1897 uoluptatem
1131 1851 1350 1898 ceperunt
1372 1851 1404 1887 g.
1432 1844 1522 1898 Qui
1553 1853 1730 1887 nostros

98 1918 230 1962 etiam
256 1921 415 1962 fratres
439 1919 482 1961 in
523 1919 725 1962 diuersas
755 1920 895 1962 ueluti
936 1920 1167 1962 nationum
1205 1921 1386 1972 classes,
1409 1935 1524 1975 quae
1557 1930 1662 1962 sunt
1686 1922 1728 1963 in

99 1996 187 2038 hoc
210 1996 418 2051 collegio,
446 2003 495 2037 ut
521 1997 613 2039 fere
638 2010 827 2051 semper,
860 1997 1012 2052 plures
1037 2011 1169 2051 quam
1195 1997 1450 2051 quindecim
1475 1998 1726 2049 distinctos,

97 2071 248 2115 videre
271 2087 352 2114 suo
377 2087 580 2128 quosque
604 2073 760 2116 ordine
783 2074 1040 2117 uoluerunt.

185 2149 255 2192 28.
322 2150 382 2191 Ita
402 2149 529 2191 multi
552 2149 686 2191 etiam
712 2149 897 2204 praelati
929 2150 1048 2192 serio
1072 2164 1175 2192 cum
1205 2153 1336 2193 Patre
1360 2152 1558 2206 generali
1583 2160 1727 2206 agunt

92 2226 148 2267 de
170 2225 396 2280 erigendis
419 2232 597 2269 nostrae
622 2227 860 2269 Societatis
889 2227 1093 2282 collegiis
1116 2228 1160 2268 in
1184 2228 1276 2269 suis
1299 2228 1598 2279 dioecesibus;
1626 2228 1722 2283 epi·

92 2316 254 2357 scopus
277 2302 629 2357 osnaburgensis
651 2303 770 2358 apud
799 2303 1142 2358 Westphaliam,
1168 2304 1406 2359 episcopus
1430 2304 1535 2346 item
1560 2304 1719 2347 herbi-

94 2378 316 2433 politanus
344 2380 463 2434 apud
502 2379 814 2434 Franconiam,
858 2387 950 2422 tum
990 2380 1354 2435 archiepiscopus
1387 2381 1723 2435 salzburgensis

94 2456 212 2509 apud
234 2470 354 2498 suos.
383 2455 562 2510 Quibus
592 2456 801 2498 omnibus
832 2458 948 2499 facta
970 2464 1037 2499 est
1060 2471 1162 2511 spes
1191 2456 1509 2499 mittendarum
1540 2458 1595 2499 ad
1627 2457 1726 2499 illos

88 2531 365 2574 coloniarum
397 2546 507 2587 quas
532 2539 706 2587 petunt,
735 2532 809 2574 ubi
835 2533 1023 2588 primum
1055 2533 1340 2574 commodum
1366 2533 1516 2575 fuerit.
1553 2533 1722 2575 Princi-

93 2621 170 2661 pes
202 2607 335 2650 etiam
369 2608 503 2663 aliqui
536 2609 822 2661 Germaniae,
849 2623 900 2651 ac
923 2609 1038 2651 inter
1071 2611 1151 2651 hos
1185 2609 1274 2651 duo
1310 2609 1354 2651 in
1394 2609 1547 2665 primis
1582 2610 1722 2652 duces

162 2763 179 2787 g
228 2759 440 2800 coeperunt
463 2767 532 2790 ηις.

144 2884 172 2902 ¹0
222 2884 258 2918 Is
277 2889 359 2918 erat
379 2885 607 2920 Franciscus
626 2885 675 2920 de
696 2886 842 2930 vargas
863 2886 988 2931 Mejia,
1016 2885 1064 2920 de
1088 2897 1164 2932 quo
1192 2886 1279 2921 vide
1306 2886 1359 2921 sis
1385 2886 1612 2923 NICOLAUM
1633 2889 1714 2923 ΑΝ-

88 2949 265 2986 TONIUM,
288 2943 528 2978 Bibliotheca
552 2943 732 2989 Hispana
752 2944 882 2987 Nova;
900 2950 939 2978 et
964 2946 1185 2985 BARANDA,
1216 2944 1416 2980 Coleccz'dn
1443 2947 1489 2981 de
1515 2947 1720 2982 documen-

88 3001 146 3032 tos
164 3001 332 3034 ine'ditos
346 3004 451 3046 para
470 3002 510 3035 la
531 3002 714 3036 Historia
733 3003 779 3037 de
799 3003 977 3048 Εςραῆα,
1000 3003 1066 3047 ΙΧ,
1087 3003 1217 3047 75-76.
