1971 3276
221 196 290 222 X1v
728 186 915 221 Pomm-<31
949 195 1264 222 COMPLEMENTA

171 287 331 330 vixerit
355 288 642 342 conjunctus,
670 287 784 330 adeo
802 287 957 330 virtuti
981 288 1197 330 colendae
1221 286 1355 330 fuerit
1379 300 1555 340 semper
1584 285 1803 327 intentus.

173 365 286 407 Nam
311 364 347 406 si
370 363 488 406 illius
511 364 668 406 laudes
687 363 894 418 persequi
918 371 1038 407 esset
1061 371 1380 419 opportunum,
1405 363 1477 404 illa
1501 361 1629 404 nobis
1652 360 1807 404 liceret

175 455 390 496 usurpare
412 455 526 495 quae
553 440 865 495 Ribadeneira‚
894 440 1021 484 testis
1044 441 1268 492 oculatus,
1294 440 1349 482 de
1373 439 1447 481 illo
1471 438 1663 494 scripsit:

254 571 380 610 «Ille...
403 573 603 618 exquisita
630 572 866 618 obedientia,
895 572 1095 623 diligentia
1122 571 1327 622 singulari,
1356 583 1449 610 rara
1477 571 1665 621 patientia
1692 573 1808 620 atque

173 643 383 681 modestia.
407 641 497 680 Illud
520 645 728 692 praeterea
750 654 1044 693 saepenumero
1067 654 1147 680 non
1169 643 1323 692 absque
1349 642 1609 680 admiratione
1632 643 1807 680 animad-

174 715 375 752 vertimus:
400 715 435 750 in
468 715 556 763 ipso
585 715 843 752 maximarum
867 715 1175 764 occupationum
1207 725 1420 758 concursu,
1443 713 1620 751 eumdem
1653 724 1810 763 semper

175 784 333 830 vultum,
357 785 534 822 eamdem
557 786 594 822 in
616 784 776 835 joanne
799 784 979 824 Polanco
1000 784 1166 823 irontem
1188 784 1339 823 fuisse»
1368 782 1409 822 ⁴8.

265 903 360 945 Nec
387 917 542 957 parum
569 903 689 957 apud
713 916 796 943 nos
821 903 1022 944 valerent
1045 902 1118 944 illa
1141 916 1256 956 quae
1279 901 1550 944 Consalvius
1573 902 1629 944 de
1653 902 1812 944 Cama-

174 995 222 1022 ra
242 979 485 1022 memoriae
507 979 780 1034 posteritatis
801 979 913 1021 tradi
934 980 1090 1032 voluit,
1110 986 1317 1022 sanctum
1339 979 1549 1021 nimirum
1572 978 1812 1034 Ignaffium,

173 1064 349 1099 caetera
384 1056 669 1098 mitissimum
704 1071 756 1098 ac
797 1056 1175 1112 benignissimum
1208 1056 1251 1099 in
1288 1055 1534 1098 tractandis
1565 1055 1658 1098 suis
1691 1055 1809 1106 filiis,

173 1133 294 1175 viros
314 1134 540 1188 perfectae
562 1133 756 1184 virtutis,
782 1134 1033 1175 Polancum
1058 1147 1110 1175 ac
1135 1134 1340 1176 Natalem
1365 1147 1468 1175 curn
1492 1132 1662 1188 primis,
1689 1146 1810 1175 seve·

174 1225 220 1253 re
243 1224 294 1251 ac
318 1210 429 1252 dure
452 1210 683 1265 exagitare
707 1209 886 1251 solitum
912 1209 964 1261 49;
991 1211 1334 1253 ostenderemus
1353 1209 1478 1251 illum
1505 1209 1667 1251 terreni
1692 1222 1812 1250 amo-

178 1287 250 1339 ris,
276 1286 410 1328 etiam
441 1286 485 1328 in
517 1294 725 1341 parentes
754 1300 805 1328 ac
835 1294 1072 1341 cognatOS,
1105 1294 1353 1340 expertem,
1391 1300 1443 1328 ac
1478 1287 1571 1329 sola
1602 1285 1812 1329 caelestia

175 1364 452 1417 cogitantem
475 1365 566 1415 (15,
593 1378 636 1405 n.
667 1377 707 1417 33
735 1365 809 1418 25,
839 1378 882 1405 n.
911 1375 952 1414 2;
989 1364 1085 1415 127,
1119 1365 1215 1414 144,
1237 1367 1366 1417 etc.);
1393 1362 1809 1417 magnanimitatem

173 1440 367 1481 hominis
391 1441 726 1491 extolleremus,
754 1440 849 1483 sive
872 1442 978 1482 dum
1009 1439 1259 1482 calumnias
1288 1440 1609 1483 contemnebat
1640 1439 1691 1490 ⁵⁰,
1718 1438 1812 1481 sive

173 1518 279 1558 dum
316 1525 463 1572 partes
495 1517 681 1571 explens
712 1531 833 1568 suas,
861 1517 1042 1560 nomine
1073 1518 1328 1572 praesulum
1360 1524 1507 1560 errata
1536 1516 1809 1571 corrigebat,

174 1595 465 1649 negabatque
490 1594 730 1648 postulata,
758 1593 973 1635 invidiam
998 1594 1228 1636 sustinens
1251 1593 1286 1635 si
1311 1607 1399 1647 qua
1423 1594 1537 1635 forte
1558 1593 1602 1633 in
1628 1606 1812 1647 praepo-

173 1671 307 1712 situm
333 1672 591 1725 generalem
616 1670 792 1726 concipi
819 1678 970 1725 posset
994 1670 1045 1722 ⁵¹;
1066 1671 1262 1725 denique
1282 1670 1541 1714 testimonia
1559 1670 1809 1724 complura,

173 1756 217 1789 et
241 1748 398 1789 merito
417 1747 681 1802 singularia,
703 1748 903 1803 proferre
923 1748 987 1790 fas
1006 1754 1140 1798 esset,
1164 1755 1338 1802 praeter
1355 1747 1447 1801 jam
1472 1761 1702 1801 expressa,
1725 1748 1811 1789 Or-

174 1824 342 1866 landini
363 1824 414 1874 ⁵²,
441 1824 652 1867 Sacchini
678 1824 729 1875 ⁵³,
758 1824 943 1867 Astrain
968 1824 1019 1878 ⁵⁴,
1046 1833 1089 1866 et
1113 1824 1198 1866 alia
1223 1825 1339 1867 bene
1364 1824 1521 1866 multa.

263 1902 477 1944 Solebant
504 1908 709 1955 parentes
742 1901 898 1952 nostri,
932 1900 1094 1955 Ignatii
1132 1900 1355 1955 exemplo,
1383 1901 1533 1941 forsan
1558 1907 1602 1940 et
1636 1898 1809 1941 monitu

174 1977 338 2030 edocti,
371 1991 422 2019 ea
452 1977 611 2018 litteris
634 1978 848 2019 mandare
872 1990 988 2031 quae
1012 1977 1162 2018 animo
1186 1977 1303 2018 inter
1323 1976 1630 2018 meditandum
1651 1989 1812 2018 occur-

174 2062 340 2106 rerent,
367 2054 471 2096 item
496 2055 673 2096 excelsa
698 2054 814 2096 dona
837 2068 861 2096 a
897 2056 994 2096 Deo
1019 2054 1062 2095 in
1086 2053 1271 2097 secretis
1300 2053 1580 2095 orationibus
1604 2060 1809 2107 accepta;

175 2138 252 2173 aut
282 2132 438 2174 saltem
470 2130 750 2172 narrationes
780 2130 1225 2185 autobiographicas.
1257 2130 1333 2174 Sic
1363 2131 1524 2184 Faber,
1551 2130 1614 2171 sic
1646 2129 1812 2184 Borgia

173 2213 218 2248 et
243 2206 433 2258 Natalis,
468 2207 531 2248 sic
563 2206 827 2249 Rodericius
857 2214 901 2249 et
932 2206 1181 2257 Bobadilla,
1211 2214 1258 2248 ut
1288 2206 1381 2248 suis
1411 2205 1520 2248 locis
1546 2205 1697 2247 videre
1725 2212 1808 2247 est:

180 2284 404 2325 Polancus
428 2283 538 2324 nibil
563 2282 787 2335 intimum,
815 2283 926 2324 nihil
950 2282 1034 2324 sibi
1058 2283 1300 2338 peculiare,
1325 2282 1409 2325 nisi
1440 2296 1539 2324 raro
1568 2282 1811 2324 admodum

175 2360 446 2403 sententiam
478 2359 672 2414 aliquam
704 2359 875 2402 Christi
907 2374 1059 2403 amore
1088 2359 1296 2415 ignitam.
1330 2360 1483 2413 Itaque
1512 2359 1568 2402 de
1597 2358 1696 2413 ejus
1724 2357 1812 2399 vita

230 2514 259 2533 ⁴³
309 2513 382 2558 Op.
405 2513 457 2548 cit
476 2539 485 2554 ,
509 2525 543 2558 p.
570 2522 647 2557 154.
669 2512 818 2547 Similia
850 2513 1102 2557 MANAREUS,
1134 2513 1192 2547 De
1218 2512 1332 2547 rebus
1352 2512 1396 2547 S.
1413 2512 1453 2558 J.
1483 2512 1807 2552 commentarius,

176 2585 210 2618 p.
236 2581 314 2616 129:
336 2572 457 2607 edidit
478 2573 604 2606 clarus
627 2573 665 2606 Ρ.
685 2573 932 2614 DELPLACE,
954 2572 1189 2614 Florentiae,
1215 2571 1320 2607 1886.

228 2632 258 2652 ‘¹³'
309 2632 495 2667 Monam.
514 2631 663 2676 Ignat„
687 2643 761 2666 ser.
784 2630 851 2676 4²²,
871 2631 903 2674 I,
925 2640 1008 2674 202,
1031 2631 1112 2675 296,
1133 2640 1216 2676 454,
1238 2636 1314 2667 etc.

228 2691 257 2709 ⁵0
309 2689 367 2724 Cf.
391 2690 572 2723 Monum.
592 2690 742 2734 Ignat„
766 2701 838 2724 ser.
866 2690 928 2734 Ι.“,
950 2689 1040 2734 XII,
1060 2690 1143 2734 6493
1166 2690 1206 2726 S.
1232 2689 1276 2725 F.
1299 2690 1468 2734 Borgia,
1499 2688 1566 2731 IV,
1591 2695 1677 2734 ⁷19l;
1709 2687 1811 2723 SAC-

176 2757 357 2792 CH1NUM,
379 2760 415 2793 p.
437 2747 507 2791 III,
531 2749 558 2782 l.
586 2747 695 2791 VIII,
721 2760 757 2783 n.
780 2748 836 2792 35.

227 2808 254 2827 ⁵1
307 2806 372 2842 Cf.
399 2808 604 2850 ASTRMN,
627 2807 700 2852 III,
722 2809 757 2844 6.

227 2866 256 2885 ⁵2
307 2866 349 2901 P.
371 2866 401 2911 Ι,
425 2866 450 2902 l.
471 2865 544 2906 III,
566 2877 604 2902 n.
631 2874 683 2910 17.

230 2925 260 2944 ⁵³
312 2925 352 2959 P.
374 2923 444 2968 IV,
466 2925 489 2959 l.
514 2924 581 2968 IV,
606 2936 641 2959 n.
668 2932 707 2968 15
729 2936 811 2971 sqq.

232 2984 261 3002 ⁵⁴
313 2982 580 3028 Potissimum,
601 2988 632 3018 t.
657 2983 708 3027 II,
731 2995 767 3030 p.
788 2984 869 3028 467.
