1971 3276
290 235 357 278 296
786 232 974 267 POLANcl
1001 240 1322 266 COMPLEMENTA

239 336 417 388 liarunt,
437 343 480 378 et
503 334 714 377 salutaria
733 334 817 375 illis
837 340 1151 388 proponentes,
1174 331 1486 386 interrogandi
1510 341 1554 374 et
1577 330 1779 374 discendi
1803 331 1878 373 de·

241 412 452 454 siderium
483 411 749 461 iniecerunt,
777 410 839 451 ita
865 417 914 450 ut
945 409 1186 451 memoriae
1217 409 1484 451 mandarent
1510 422 1623 462 quae
1652 408 1876 451 doceban-

242 496 329 543 tur,
355 496 399 531 et
431 487 664 530 consilium
691 494 892 541 peterent
923 485 994 540 pie
1024 493 1236 539 recteque
1266 484 1438 539 orandi,
1473 499 1524 526 ac
1554 485 1668 526 bene
1694 484 1876 527 uiuendi

241 565 458 608 rationem
482 563 787 618 exquirerent.
811 562 886 605 Sic
905 561 1134 603 conciliati
1153 568 1196 603 et
1219 561 1384 614 affecti,
1406 569 1450 602 et
1471 576 1552 603 usu
1576 568 1876 602 sacramento-

243 657 339 683 rum
359 640 555 691 excitati,
577 648 620 682 et
639 639 864 693 quomodo
883 638 1082 693 aegrotis
1100 638 1356 680 humaniter
1377 637 1633 691 utiliterque
1657 637 1876 678 ministra-

242 732 287 759 re
311 724 535 772 oporteret
564 716 727 767 edocti,
754 730 886 770 saepe
916 715 992 757 uix
1022 714 1305 769 patiebantur
1336 721 1385 756 ut
1413 715 1554 756 nostri
1578 714 1683 756 uilia
1711 722 1755 756 et
1778 713 1874 756 infi-

241 809 310 835 ma
334 794 406 835 illa
429 793 573 834 officia
594 794 808 836 facerent.
832 791 1023 847 Aegroti
1047 799 1300 833 nostrorum
1326 791 1609 833 sermonibus
1628 791 1812 832 recreati
1831 798 1876 834 et

172 891 178 895 ·
239 870 549 926 frequentibus
587 870 642 912 ad
686 868 953 924 pacientiam
991 868 1382 911 exhortationibus
1417 868 1663 918 subleuati,
1706 868 1874 910 Christi

237 948 441 1002 exemplo
458 954 502 988 et
526 946 677 988 breuis
695 945 956 987 tolerantiae
975 945 1258 999 sempiternis
1278 944 1487 1000 praemiis
1505 952 1609 988 ante
1626 945 1781 986 oculos
1799 959 1874 999 po-

238 1024 349 1074 sitis,
376 1030 553 1065 noctem
585 1022 730 1066 leuius
758 1030 802 1065 et
835 1021 1030 1076 quietius
1055 1022 1366 1065 traducebant.
1394 1021 1482 1064 Vbi
1509 1036 1617 1064 uero
1636 1020 1871 1074 illuxisset,

238 1100 345 1142 nihil
370 1100 492 1155 prius
521 1101 763 1150 habebant,
797 1114 929 1153 quam
957 1105 1005 1140 ut
1036 1107 1212 1141 nostros
1242 1100 1483 1141 redeuntes
1513 1098 1736 1149 uiderent,
1763 1112 1870 1153 quo·

239 1192 335 1219 rum
360 1185 608 1231 conspectu
639 1176 984 1231 praesentiaque
1024 1176 1137 1218 adeo
1166 1175 1505 1227 reficiebantur,
1537 1183 1586 1217 ut
1617 1174 1693 1216 uix
1729 1174 1873 1216 morbi

240 1255 416 1296 dolores
441 1253 674 1294 sentirent.
704 1253 939 1294 Dabantur
964 1252 1049 1293 illis
1072 1252 1244 1307 globuli
1270 1251 1690 1308 indulgenti[arum]
1716 1256 1784 1305 (ut
1810 1251 1870 1294 ita

234 1331 482 1386 loquamur)
506 1338 550 1371 et
573 1329 707 1371 libelli
730 1329 960 1371 doctrinae
984 1329 1266 1381 christianae,
1290 1343 1403 1382 quos
1432 1329 1492 1370 illi
1517 1336 1775 1371 reuerenter
1799 1341 1869 1370 ac-

234 1407 473 1462 cipiebant,
507 1414 549 1449 et
580 1406 717 1448 uitam
758 1406 916 1448 melius
948 1406 1198 1460 instituere,
1233 1406 1269 1447 si
1299 1406 1695 1458 conualescerent,
1729 1419 1868 1459 seque

230 1483 413 1526 Christo
435 1484 598 1526 dedere
621 1482 942 1526 decernebant.

320 1572 390 1602 21.
458 1561 506 1601 In
530 1559 686 1601 iisdem
713 1559 962 1601 studiorum
991 1558 1110 1601 feriis
1133 1558 1204 1601 alii
1237 1559 1293 1600 ad
1322 1558 1406 1601 Dei
1437 1559 1626 1602 uerbum
1656 1558 1864 1600 dissemi-

228 1637 428 1678 nandum
463 1636 506 1677 in
547 1636 749 1691 proxima
778 1636 962 1678 castella
992 1643 1036 1678 et
1066 1635 1228 1691 oppida
1257 1635 1380 1677 missi
1409 1643 1530 1686 sunt3
1557 1635 1629 1676 alii
1665 1635 1707 1676 in
1742 1635 1867 1690 spiri-

230 1713 426 1755 tualibus
450 1712 834 1763 meditationibus,
860 1712 932 1754 alii
958 1712 1002 1754 in
1032 1711 1290 1754 domesticis
1313 1719 1357 1755 et
1379 1711 1571 1754 sordidis
1594 1711 1866 1764 ministeriis,

230 1789 302 1831 alii
333 1789 377 1830 in
413 1789 527 1844 stipe
559 1788 752 1831 ostiatim
790 1803 868 1843 per
904 1789 1060 1830 urbem
1095 1788 1437 1841 emendicanda,
1475 1788 1677 1831 certatim
1713 1798 1868 1831 sancta

229 1866 423 1919 quadam
448 1866 719 1908 emulatione
742 1872 1059 1908 exercuerunt.
1097 1864 1307 1918 Plerique
1336 1879 1491 1908 eorum
1523 1865 1598 1919 qui
1631 1865 1864 1920 religionis

226 1955 362 1983 causa
386 1941 481 1983 sine
506 1941 712 1996 pecunia,
740 1949 787 1982 ut
812 1941 877 1992 fit,
911 1941 1183 1996 peregrinati
1209 1950 1337 1992 sunt,
1366 1941 1604 1996 Deiparam
1629 1941 1862 1997 Virginem

212 2013 507 2060 'lauretanam
531 2017 575 2059 in
602 2017 783 2068 PicenO,
809 2025 852 2060 et
876 2018 1158 2072 Angelorum
1188 2017 1231 2058 in
1261 2017 1444 2060 Vmbria
1476 2019 1594 2073 apud
1619 2017 1858 2074 Asissium‚

231 2102 275 2135 et
293 2095 583 2149 sepulchrum
597 2094 715 2137 beati
734 2093 960 2136 Francisci
974 2093 1017 2135 in
1038 2094 1196 2137 eodem
1217 2094 1397 2149 oppido,
1418 2094 1688 2137 inuiserunt:
1711 2110 1864 2150 quam-

231 2171 300 2213 uis
323 2171 450 2212 multi
485 2170 734 2226 longiorem
765 2178 809 2213 et
838 2171 1133 2213 difficiliorem
1166 2171 1576 2226 peregrinationem
1606 2171 1856 2226 petiissent,

232 2254 280 2289 ut
302 2247 576 2291 Florentiam
601 2247 657 2289 ad
681 2247 920 2302 Deiparam
946 2247 1302 2303 Annunciatam‚
1329 2247 1374 2289 in
1398 2247 1610 2302 Apuliam
1635 2248 1690 2290 ad
1714 2255 1863 2290 tumu-

232 2325 322 2365 lum
353 2324 473 2367 beati
505 2324 715 2367 Andreae
744 2323 948 2379 apostoli,
984 2323 1028 2364 in
1059 2323 1310 2367 Galaetiam
1346 2325 1401 2366 ad
1434 2324 1614 2367 beatum
1644 2325 1866 2381 Jacoburn

231 2401 630 2455 compostellanum
657 2403 725 2453 (ut
750 2400 983 2443 omittatur
1008 2400 1186 2443 interim
1216 2400 1392 2443 illorum
1423 2400 1622 2443 studium
1647 2401 1721 2455 qui
1745 2402 1864 2444 effla-

231 2476 373 2531 gitare
397 2491 485 2518 non
509 2477 722 2519 desinunt
748 2485 794 2518 ut
819 2477 874 2518 ad
899 2477 1031 2518 Indos
1056 2477 1321 2532 mittantur).
1352 2477 1560 2533 Denique
1586 2492 1674 2519 non
1706 2479 1862 2521 defue-

232 2560 336 2594 runt
359 2552 435 2607 qui
458 2536 566 2594 illud
597 2552 681 2594 sibi
715 2553 902 2595 concedi
932 2553 1227 2596 uehementer
1261 2560 1484 2608 optarent,
1518 2561 1567 2595 ut
1597 2555 1668 2596 uel
1698 2555 1862 2596 mulam

229 2643 366 2683 agere
389 2637 432 2672 et
456 2643 637 2672 arenam
662 2636 705 2672 et
730 2643 891 2683 aquarn
916 2629 1099 2671 domum
1125 2636 1421 2684 comportare,
1446 2631 1519 2672 uel
1543 2629 1625 2671 alia
1651 2630 1694 2671 id
1718 2643 1864 2685 genus

231 2705 377 2748 facere
399 2706 570 2757 liceret,
596 2719 712 2759 quae
738 2707 786 2748 P.
814 2706 1009 2749 vicarius
1041 2706 1101 2748 ita
1131 2707 1422 2762 permutauit,
1449 2714 1497 2748 ut
1528 2706 1640 2749 ratio
1668 2707 1862 2761 postula-

230 2781 320 2824 bat.
348 2782 743 2834 Quemadmodum
767 2790 917 2824 autem
942 2782 987 2823 hi
1011 2781 1086 2836 qui
1116 2782 1307 2836 profecti
1337 2797 1425 2824 non
1456 2790 1576 2835 sunt,
1607 2783 1773 2837 duplex
1795 2782 1862 2823 lu-

231 2856 355 2897 crum
380 2858 645 2909 retulerunt,
671 2872 807 2899 vnum
833 2873 886 2901 ex
906 2859 1125 2913 religione
1148 2871 1199 2900 ac
1217 2858 1439 2900 desiderio
1458 2858 1640 2914 petendi
1658 2858 1858 2902 remotis-

231 2932 367 2974 simas
390 2940 546 2988 terras,
568 2948 657 2987 quo
682 2935 807 2988 plura
831 2942 875 2976 et
900 2934 1066 2976 maiora
1091 2948 1169 2989 pro
1188 2934 1370 2977 Christo
1389 2936 1649 2987 tolerarent3
1672 2936 1860 2976 alterurn

231 3022 286 3050 ex
315 3008 560 3060 mansione,
594 3017 643 3050 ut
671 3009 715 3050 in
745 3009 842 3051 aliis
872 3011 1006 3052 rebus
1039 3024 1146 3052 suae
1179 3010 1461 3053 obedientiae
1495 3011 1721 3066 specimen
1758 3011 1857 3053 ede-
