1971 3276
325 215 394 259 468
830 214 1018 247 PoLANc1
1046 220 1361 247 COMPLEMENTA

280 330 380 371 nus,
406 315 450 356 in
475 315 734 370 germanico
757 313 949 365 collegio
974 314 1159 355 multam
1182 313 1237 355 de
1265 326 1313 355 se
1344 312 1601 367 opinionem
1632 312 1905 367 relinquenS‚

279 400 368 434 tam
392 392 576 434 omnino
600 392 730 433 beate
755 398 797 433 ut
827 390 1000 432 uixerat
1024 397 1228 431 mortuus
1250 395 1332 431 est.
1368 390 1476 431 Post
1499 403 1633 443 quem
1663 403 1753 431 non
1782 389 1906 432 dissi·

280 468 395 509 milis
420 468 539 509 uitae
568 466 840 521 integritatis
872 465 953 520 uir,
986 465 1274 516 Catherinus,
1307 478 1410 506 cum
1439 464 1483 505 in
1512 465 1669 507 eodem
1700 465 1906 521 collegio,

279 544 408 586 cuius
432 544 526 599 ipse
550 550 645 587 erat
670 551 947 598 procurator,
979 542 1055 584 diu
1079 541 1278 597 grauiter
1306 548 1598 596 aegrotasset,
1629 541 1804 596 sibique
1835 543 1909 584 de-

278 620 514 663 sideratam
535 627 723 662 mortem
742 619 974 662 imminere
995 618 1182 670 uideret,
1205 625 1253 660 ut
1271 633 1497 660 summum
1518 619 1696 660 tandem
1717 618 1760 660 in
1779 619 1911 661 domo

280 698 465 738 Patrum
490 696 609 738 uitae
632 696 748 737 diem
772 695 917 737 obiret
950 694 1220 750 impetrauit.
1259 694 1434 749 Reliqui
1457 695 1547 737 duo
1583 695 1706 738 fuere
1740 697 1789 738 P.
1827 696 1910 738 Ca-

279 773 427 815 millus
451 772 727 823 Vannutius,
753 780 797 815 et
822 775 953 815 Mter.
988 773 1237 815 Leonettus
1265 772 1523 824 Galiardus;
1557 786 1750 826 quorum
1782 772 1907 827 alter,

279 857 379 904 post
412 849 588 891 habitas
623 863 701 904 per
735 849 959 904 integram
997 848 1411 903 quadragessimam
1444 848 1489 890 in
1521 849 1632 890 aede
1665 848 1758 891 diui
1792 850 1911 892 Petri

278 926 529 977 contiones,
556 941 658 968 cum
683 941 731 969 se
755 926 825 968 die
852 927 1047 980 quodam
1071 941 1095 968 a
1121 926 1305 980 prandio
1329 927 1384 968 ad
1414 926 1652 980 quamdam
1677 925 1909 969 ecclesiam

279 1003 575 1046 concionandi
601 1003 746 1057 gratia
771 1004 1011 1054 conferret,
1044 1002 1194 1045 statim
1224 1017 1276 1045 ac
1304 1016 1358 1045 eo
1389 1003 1608 1058 peruenit,
1642 1001 1914 1045 semianimis

280 1079 323 1120 in
355 1088 515 1122 terram
546 1079 726 1122 cecidit.
760 1080 891 1123 Unde
916 1080 1049 1134 paulo
1079 1087 1178 1134 post
1209 1080 1251 1121 in
1281 1079 1521 1134 collegium
1553 1086 1820 1134 reportatus,
1848 1094 1913 1122 re-

282 1170 530 1210 uersusque
552 1157 607 1198 ad
630 1171 677 1199 se
701 1157 863 1211 ipsum,
890 1156 962 1198 die
987 1157 1132 1207 tertio,
1155 1163 1335 1211 sumpto
1358 1157 1423 1212 (ut
1447 1156 1706 1211 religiosum
1731 1166 1774 1199 et
1797 1156 1912 1198 diui-

281 1247 364 1275 nae
387 1233 531 1275 laudis
556 1233 738 1275 auidum
768 1234 1048 1275 sacerdotem
1072 1233 1274 1289 decebat)
1300 1233 1419 1275 uitae
1447 1233 1706 1275 immortalis
1733 1233 1910 1284 uiatico,

282 1309 326 1351 in
351 1311 525 1352 coelum
551 1309 781 1364 migrauit.
809 1311 940 1353 Alter
967 1324 1021 1352 ex
1045 1309 1130 1352 illis
1158 1317 1352 1364 quatuor
1383 1309 1606 1365 patauinis
1637 1310 1848 1352 fratribus
1880 1309 1910 1361 ⁸,

281 1386 335 1427 de
359 1386 522 1440 quibus
546 1386 631 1427 iam
657 1394 761 1428 ante
784 1386 957 1441 scripsi,
984 1394 1093 1428 natu
1116 1394 1211 1429 erat
1235 1387 1525 1441 p2nultimus‚
1557 1394 1705 1429 aetate
1734 1386 1911 1440 quidem

275 1462 476 1516 juuenis,
500 1477 672 1504 morum
698 1470 847 1505 autem
875 1462 1117 1516 iudiciique
1142 1471 1264 1505 tanta
1284 1463 1554 1517 praestantia
1572 1473 1616 1506 et
1641 1463 1910 1514 maturitate,

282 1546 328 1580 ut
352 1554 454 1581 eum
482 1540 545 1581 uir
567 1539 746 1593 quidam
766 1539 920 1593 grauis
938 1539 1148 1581 idoneum
1162 1539 1450 1595 judicauerit‚
1477 1540 1551 1593 qui
1571 1539 1794 1595 generalis
1817 1554 1913 1582 esse

282 1624 447 1670 posset.
476 1617 589 1658 Nam
614 1623 789 1670 praeter
814 1632 864 1657 ea
890 1631 1003 1670 quae
1027 1616 1132 1666 dixi,
1162 1617 1243 1657 fuit
1262 1616 1306 1657 in
1325 1617 1400 1658 illo
1417 1617 1646 1671 singulare
1664 1616 1820 1658 salutis
1842 1630 1912 1658 co-

280 1692 428 1734 munis
451 1692 736 1743 desiderium,
769 1703 811 1733 et
842 1693 1079 1735 Societatis
1111 1694 1322 1744 charitas,
1357 1702 1538 1747 tamque
1562 1693 1740 1735 assidua
1773 1693 1912 1736 coele-

279 1768 413 1810 stium
438 1768 784 1823 diuinarumque
810 1784 954 1810 rerum
979 1769 1212 1824 cogitatio,
1234 1784 1348 1824 quae
1368 1770 1670 1812 ualetudinem
1694 1770 1790 1813 eius
1814 1784 1908 1811 ma—

280 1844 398 1886 xime
422 1846 750 1900 perturbarent.
774 1847 927 1899 Quare
956 1847 1149 1888 Montem
1171 1847 1384 1900 Regalem
1408 1847 1462 1889 ad
1482 1861 1669 1901 graecas
1686 1854 1730 1888 et
1754 1846 1912 1888 latinas

280 1921 431 1963 literas
464 1922 691 1964 docendas
722 1923 884 1963 missus
913 1931 995 1966 est.
1033 1923 1118 1965 Vbi
1149 1937 1252 1964 cum
1282 1924 1461 1965 duobus
1490 1923 1619 1965 annis
1651 1923 1837 1978 egregie
1869 1923 1911 1964 id

281 1998 480 2040 muneris
512 1998 697 2040 functus
731 2008 863 2051 esset,
898 2008 941 2041 et
971 1999 1014 2040 in
1049 2001 1215 2043 Urbem
1242 2015 1467 2052 reuersus,
1503 2008 1657 2041 nostro
1680 2000 1723 2041 in
1749 2000 1911 2054 templo

281 2075 387 2127 (iam
412 2089 548 2130 prope
573 2076 783 2116 omnibus
810 2076 1115 2131 philosophiae
1143 2087 1186 2118 et
1217 2077 1470 2131 theologiae
1492 2076 1654 2119 studiis
1682 2076 1910 2129 absolutis)

281 2165 447 2206 magno
465 2152 684 2206 applausu
702 2152 960 2193 concionari
981 2153 1219 2207 coepisset,
1246 2153 1289 2194 in
1309 2155 1514 2194 morbum
1538 2153 1709 2204 incidit,
1734 2152 1807 2207 qui
1830 2151 1910 2194 etsi

280 2227 421 2282 primo
446 2228 557 2269 leuis
581 2235 625 2270 et
647 2227 842 2283 exiguus
862 2229 1098 2271 uidebatur
1118 2229 1196 2281 illi,
1223 2237 1370 2272 tamen
1394 2237 1545 2284 postea
1564 2244 1651 2271 non
1674 2229 1825 2271 multis
1847 2228 1906 2269 in-

281 2304 478 2346 teriectis
502 2304 674 2356 diebus,
702 2304 839 2346 uitam
872 2305 1050 2359 eripuit3
1084 2306 1118 2347 si
1151 2307 1283 2347 modo
1315 2307 1375 2347 illi
1410 2306 1547 2348 uitam
1581 2313 1779 2361 ereptam
1814 2319 1910 2347 esse

279 2380 518 2422 dicendum
543 2389 625 2431 est,
661 2381 736 2435 qui
766 2382 929 2423 disolui
960 2390 1004 2424 et
1036 2397 1133 2424 esse
1166 2397 1267 2424 cum
1299 2383 1480 2425 Christo
1519 2390 1736 2437 perpetuo
1775 2381 1907 2437 gesti-

280 2464 360 2506 ret,
394 2465 436 2499 et
471 2457 716 2499 dissolutus
746 2472 850 2499 cum
882 2457 1212 2502 immortalitate
1243 2468 1430 2501 mortem
1456 2459 1769 2501 commutauit,
1798 2458 1906 2499 Eum

280 2532 397 2573 enim
424 2533 551 2576 facile
574 2534 708 2576 credo
731 2534 1052 2576 immortalitati
1071 2544 1398 2591 etmsecratum,
1433 2537 1507 2590 qui
1540 2544 1735 2579 mentem
1769 2533 1906 2576 omni-

280 2609 364 2649 bus
387 2609 429 2649 in
456 2611 606 2660 rebus,
632 2625 686 2651 ex
712 2625 800 2664 quo
824 2626 870 2653 se
895 2611 1022 2653 nobis
1045 2612 1249 2654 adiunxit
1278 2613 1589 2666 aequissimam
1622 2611 1837 2662 seruauit3
1864 2616 1906 2651 et

282 2686 436 2726 morbo
465 2687 668 2739 affectus,
703 2689 822 2730 nulla
854 2689 939 2731 alia
968 2704 1022 2732 ex
1052 2705 1097 2732 re
1127 2704 1258 2743 quam
1290 2689 1454 2730 diuinis
1477 2688 1684 2730 cantibus
1708 2696 1752 2729 et
1776 2687 1905 2729 collo·

282 2760 396 2813 quiis
430 2764 705 2818 uoluptatem
731 2765 862 2819 cepit.
902 2765 1070 2807 Hilaris
1105 2766 1433 2807 moderatorum
1466 2766 1650 2807 nutibus
1682 2766 1904 2817 obtempe-

1967 2785 1971 2842 i

350 2941 362 2960 ³
413 2942 508 2976 Tres
528 2954 619 2977 vero
634 2945 769 2990 reliqui
790 2945 928 2980 fratres
947 2953 1055 2980 erant
1074 2947 1299 2981 Franeiscus
1319 2948 1533 2989 Zabarella‚
1548 2959 1754 2990 germanus
1770 2958 1816 2980 ex
1833 2955 1906 2979 ma·
1964 2950 1969 2994 ‚l

282 3004 352 3042 tre,
382 3006 420 3033 et
448 3000 619 3035 Achilles
648 3008 685 3035 et
707 3003 925 3038 Ludovicus
946 3005 1157 3048 Gagliardi.
1188 3006 1446 3049 SACCHINUS‚
1477 3018 1511 3051 p.
1542 3006 1590 3049 II,
1621 3007 1643 3040 l.
1668 3006 1770 3049 VIII,
1793 3017 1827 3038 n.
1848 3003 1904 3046 64.
1964 3028 1967 3051 Β

1960 3210 1971 3276 Ξκᾼ
