1971 3276
282 231 352 275 556
794 232 985 267 POLANCI
1012 240 1330 267 COMPLEMENTA

234 347 305 374 mo
328 347 458 387 spero
481 333 657 375 almeno
679 332 721 374 di
747 332 897 374 alcuni
920 331 991 374 dei
1015 333 1182 375 cherici
1206 333 1250 375 di
1275 341 1433 388 questa
1467 334 1636 388 chiesa,
1674 343 1718 377 et
1741 337 1785 378 di
1808 338 1869 379 al-

231 422 348 450 cune
371 410 482 451 altre
506 423 697 464 persone
719 409 774 450 da
797 409 928 460 bene,
950 410 1034 452 che
1058 416 1278 464 potranno
1297 410 1594 454 continouare
1620 419 1780 466 questo
1803 413 1867 455 in-

230 485 389 528 stituto
413 500 488 540 per
511 500 575 541 se,
602 485 736 527 etiam
761 485 943 540 quando
966 485 995 527 li
1018 486 1160 528 nostri
1184 500 1458 530 cessassero.

321 575 392 615 34.
459 561 663 604 L'officio
686 562 1067 605 dell’essaminare
1086 562 1222 617 quelli
1241 565 1328 606 che
1348 565 1500 606 hanno
1522 565 1579 607 da
1602 579 1725 609 esser
1749 567 1866 608 ordi-

229 638 319 680 nati
345 653 371 679 o
395 639 585 693 prender
608 653 716 680 cura
739 639 782 681 di
808 639 971 691 anime,
1000 640 1196 683 tuttauia
1217 641 1253 681 si
1276 641 1541 697 continoua,
1569 649 1613 684 et
1643 642 1671 683 il
1703 643 1862 687 mode-

229 723 323 756 rato
344 715 491 770 rigore
509 717 594 758 che
613 717 845 759 conforme
863 717 902 758 al
927 716 1117 758 concilio
1136 716 1381 760 tridentino
1399 717 1435 759 si
1458 719 1483 760 e
1501 727 1753 774 osseruato‚
1776 734 1865 762 non

227 793 532 835 ammettendo
556 793 688 846 quelli
715 795 800 835 che
825 808 912 835 non
937 808 1049 836 sono
1073 780 1239 850 idonei,
1266 809 1337 837 ma
1362 796 1684 852 mandandogli
1715 812 1739 839 a
1767 806 1862 839 stu-

227 868 364 918 diare,
390 876 434 911 et
459 871 742 923 procurando
770 870 900 925 fargli
922 871 1076 925 capaci
1099 871 1214 914 della
1239 872 1441 928 ragione,
1464 874 1521 915 ha
1544 881 1732 916 causato
1758 888 1862 928 que-

226 952 296 987 sto
320 946 473 996 frutto,
500 947 583 988 che
608 946 732 988 molti
757 947 792 988 si
817 961 929 989 sono
952 948 1135 989 animati
1161 964 1185 990 a
1209 949 1407 991 studiare
1436 950 1492 992 da
1522 951 1708 1001 douero,
1735 959 1777 994 et
1801 951 1863 993 di-

227 1022 345 1063 uersi
372 1037 426 1065 ne
450 1037 562 1064 sono
589 1023 769 1075 tornati,
798 1024 869 1066 chi
888 1024 1037 1079 doppo
1062 1039 1231 1076 mezzo,
1262 1026 1335 1067 chi
1361 1027 1509 1081 doppo
1534 1027 1749 1081 un’ann0‚
1778 1042 1862 1070 con

227 1100 365 1140 molto
401 1100 598 1154 profluo,
626 1109 670 1143 et
703 1115 787 1143 con
821 1102 900 1143 dar
929 1101 1075 1156 gratie
1105 1102 1175 1145 del
1201 1103 1317 1146 bene
1340 1104 1424 1146 che
1447 1103 1484 1145 si
1518 1118 1594 1147 era
1628 1105 1739 1146 fatto
1771 1106 1865 1146 loro

225 1175 534 1231 obligandogli
567 1192 591 1218 a
625 1177 839 1230 studiare;
875 1185 920 1220 et
954 1177 1176 1221 diceuano
1209 1181 1296 1222 che
1331 1181 1426 1221 loro
1460 1195 1641 1235 pareua,
1673 1182 1756 1223 che
1789 1181 1861 1237 gia

225 1252 347 1294 molti
372 1253 477 1294 anni
500 1254 535 1295 si
562 1255 820 1297 douerebbe
850 1270 972 1298 esser
1004 1264 1132 1298 usato
1162 1265 1322 1311 questo
1353 1257 1396 1298 in
1432 1259 1572 1300 Roma
1600 1272 1624 1300 e
1655 1259 1786 1311 fuori3
1818 1268 1862 1302 et

225 1326 320 1371 cosi
345 1330 462 1372 doue
486 1345 563 1385 per
588 1330 791 1373 l'adrieto
813 1333 1030 1376 soleuano
1062 1334 1187 1375 uenir
1213 1334 1336 1375 molti
1369 1349 1394 1376 a
1424 1335 1565 1376 Roma
1595 1349 1673 1390 per
1702 1336 1864 1391 pigliar

226 1406 369 1447 ordini
393 1406 508 1448 sacri
531 1422 557 1448 o
581 1422 658 1462 per
681 1408 892 1463 impetras
917 1410 1141 1466 beneficii,
1179 1412 1262 1453 che
1293 1425 1384 1453 non
1416 1419 1658 1466 poteuanO,
1682 1427 1757 1467 per
1781 1427 1861 1455 sua

224 1481 478 1537 ignorantia
513 1491 557 1525 et
582 1485 680 1525 altri
710 1486 916 1528 canonici
957 1487 1278 1542 impedimenti,
1317 1487 1523 1530 ottenerli
1559 1488 1630 1529 nei
1660 1489 1758 1531 suoi
1788 1503 1841 1531 ve

223 1559 413 1610 scouati,
452 1561 562 1601 hora
598 1575 811 1616 uengono
841 1564 992 1617 pochi,
1027 1572 1071 1606 et
1101 1578 1178 1619 per
1207 1565 1247 1606 la
1276 1564 1487 1620 maggior
1524 1573 1647 1620 parte
1676 1566 1763 1607 ben
1793 1566 1861 1608 in-

223 1635 390 1686 strutti‚
417 1650 544 1680 come
571 1637 592 1679 ὲ
617 1644 734 1679 stato
753 1639 979 1682 auuertito
1004 1641 1059 1682 da
1079 1640 1224 1695 questi
1249 1640 1418 1695 signori
1438 1642 1522 1684 che
1544 1655 1686 1683 sanno
1709 1640 1752 1683 in
1776 1643 1860 1684 che

224 1713 355 1754 modo
378 1713 415 1754 si
439 1715 691 1768 procedeua
718 1729 795 1765 per
823 1715 849 1756 il
874 1724 1068 1770 passato.
1098 1716 1499 1761 Medesimamente
1534 1717 1544 1758 i
1575 1718 1719 1760 notari
1749 1733 1773 1761 e
1802 1720 1857 1760 si-

225 1789 313 1830 mili
339 1790 516 1832 officiaii
536 1793 620 1834 che
642 1806 720 1847 per
740 1792 894 1834 fauore
911 1794 1128 1836 soleuano
1148 1808 1328 1849 passare
1352 1809 1485 1837 senza
1504 1809 1677 1838 essame
1700 1795 1861 1837 alcuno

222 1879 355 1907 senza
379 1881 535 1921 sapere
559 1868 662 1922 quel
687 1870 770 1911 che
794 1869 829 1911 si
855 1870 1111 1914 richiedeua
1135 1871 1175 1913 al
1200 1871 1342 1925 grado
1364 1886 1390 1912 o
1413 1871 1634 1914 beneficio
1657 1873 1742 1915 che
1763 1887 1841 1927 pre

224 1942 491 1995 tendeuanO,
517 1943 590 1999 gia
612 1959 805 1999 passano
830 1961 909 2000 per
932 1947 1127 1989 l’istesso
1151 1948 1327 1990 camino
1355 1947 1411 1990 de
1434 1947 1496 2003 gli
1526 1948 1639 1991 altri.
1669 1949 1802 1992 Onde
1824 1949 1859 1991 si

224 2018 336 2061 uede
359 2021 699 2073 generalmente
720 2023 804 2064 che
829 2023 964 2076 quelli
984 2023 996 2063 i
1021 2023 1141 2077 quali
1160 2023 1366 2079 aspirano
1390 2039 1413 2066 a
1439 2024 1669 2068 chiericati
1693 2026 1727 2067 si
1752 2027 1858 2068 dan-

221 2109 278 2136 no
302 2096 387 2137 alle
410 2096 566 2139 lettere
591 2098 729 2139 molto
754 2098 828 2153 pisi
853 2101 936 2142 che
966 2100 1124 2154 prima.
1154 2101 1201 2142 In
1232 2115 1336 2144 cose
1359 2101 1629 2156 grauissime
1652 2112 1696 2144 et
1722 2103 1858 2145 molto

219 2171 478 2226 importanti
503 2174 542 2215 al
566 2175 652 2216 ben
680 2175 946 2228 uniuersale,
980 2192 1055 2231 per
1087 2178 1130 2219 lo
1161 2178 1332 2220 credito
1357 2180 1440 2220 che
1464 2180 1520 2221 ha
1550 2187 1707 2233 questa
1734 2194 1854 2230 casa,

221 2263 331 2290 sono
353 2250 614 2292 domandati
639 2251 782 2306 pareri
805 2253 861 2294 da
883 2267 999 2303 essa,
1026 2261 1070 2295 et
1093 2253 1186 2296 cosi
1219 2253 1255 2296 si
1284 2255 1433 2297 danno
1463 2258 1613 2308 (come
1642 2256 1679 2298 si
1707 2259 1856 2311 spera)

221 2340 308 2366 non
338 2341 473 2369 senza
500 2328 637 2369 molto
665 2329 816 2371 frutto.

309 2412 379 2455 35.
447 2404 575 2447 Nelle
598 2405 825 2448 occasioni
849 2407 933 2449 che
956 2421 1206 2449 occorrono
1234 2407 1270 2449 si
1301 2407 1357 2449 da
1389 2408 1510 2450 aiuto
1543 2423 1705 2451 ancora
1729 2424 1752 2451 a
1775 2425 1853 2452 ne*

218 2478 327 2531 gotii
351 2479 394 2520 di
421 2480 558 2522 molta
582 2480 860 2536 importanza
884 2483 927 2524 di
960 2484 1188 2538 prouincie
1217 2493 1259 2526 et
1293 2484 1465 2527 nationi
1496 2486 1668 2538 intiere,
1694 2489 1777 2529 che
1799 2487 1855 2529 da

218 2562 376 2608 questa
405 2556 511 2598 sede
541 2557 786 2612 apostolica
816 2574 1011 2614 possono
1040 2574 1162 2603 esser
1191 2560 1374 2604 aiutate:
1404 2570 1521 2604 tutto
1556 2562 1621 2605 sia
1652 2577 1676 2605 a
1709 2563 1854 2618 gloria

218 2630 391 2673 d'lddio
417 2634 471 2676 N.
499 2634 547 2676 S.

307 2707 375 2759 36.
445 2709 516 2750 Vn
541 2710 635 2751 solo
658 2710 682 2752 e
706 2718 824 2752 stato
848 2726 1071 2755 ammesso
1100 2728 1125 2755 a
1155 2713 1436 2769 professione
1466 2722 1627 2768 questo
1662 2729 1780 2757 anno
1808 2715 1852 2756 in

218 2782 371 2834 Roma,
398 2786 681 2837 precedendo
705 2787 744 2828 le
768 2787 919 2831 debite
942 2789 1227 2844 esperientie,
1254 2791 1338 2832 che
1361 2790 1384 2833 ὲ
1415 2790 1443 2831 il
1475 2791 1527 2834 P.
1555 2790 1754 2846 Cariglio
1778 2791 1852 2847 gia

217 2858 486 2910 prouinciale
509 2860 554 2903 in
579 2862 815 2918 Castiglia‚
841 2871 886 2907 et
907 2864 1007 2906 altri
1031 2865 1119 2909 due
1149 2881 1226 2921 per
1249 2866 1498 2909 coadiutori
1531 2867 1707 2909 formati
1733 2876 1847 2911 tern-

217 2933 369 2986 porali:
386 2936 590 2989 Jacomo,
614 2939 810 2990 tedesco,
832 2946 876 2982 et
893 2941 1123 2983 Giouanni
1142 2942 1185 2983 di
1204 2943 1433 2992 Casasola,
1455 2944 1726 2998 spagnu0103
1753 2944 1851 2986 altri

215 3007 341 3049 molti
365 3009 399 3050 si
418 3024 531 3052 sono
550 3012 775 3068 disegnati
794 3015 837 3056 in
859 3016 1037 3060 diuerse
1055 3019 1289 3072 prouincie
1308 3033 1387 3074 per
1405 3027 1566 3074 questo
1583 3019 1845 3064 medesimo.
