1971 3276
294 233 363 268 312
798 232 987 266 POLANCI
1013 239 1329 265 COMPLEMENTA

246 340 607 389 prosequeretur.
635 333 763 375 Faxit
787 333 912 375 Deus
938 338 984 374 ut
1009 346 1090 373 nos
1113 345 1291 386 quoque
1316 346 1404 374 non
1429 332 1578 374 minus
1601 333 1875 386 laboremus,

245 425 295 453 ac
319 410 495 453 solliciti
519 424 693 465 semper
717 410 771 451 de
794 408 947 450 diuina
971 407 1129 463 gloria,
1157 408 1289 450 laude
1313 422 1363 450 ac
1387 409 1529 460 cultu,
1556 410 1702 464 deque
1727 411 1875 465 proxi·

245 503 419 530 morum
444 488 587 529 salute
613 493 832 541 perpetuo
855 485 1011 528 simus.

331 577 403 618 42.
480 566 526 606 In
562 564 798 605 tusculano
832 561 1039 613 collegio,
1075 575 1153 603 seu
1189 562 1336 616 potius
1365 562 1624 618 collegiolo,
1659 578 1776 606 unus
1805 572 1875 607 est

243 649 414 684 tantum
440 640 647 682 sacerdos
671 647 714 682 et
737 640 827 680 duo
849 638 1133 681 coadiutores
1156 638 1201 680 in
1224 638 1420 681 externis
1452 639 1708 683 ministeriis
1730 655 1869 683 occu-

242 718 345 773 pati.
381 716 638 761 Sacerdotis
669 716 873 758 assiduae
903 715 1222 769 occupationes
1255 716 1355 758 illae
1387 716 1476 759 fere
1506 724 1627 772 sunt,
1660 726 1875 772 aegrotos

239 794 452 845 inuisere,
489 793 786 835 moribundos
818 792 991 843 iuuare,
1028 791 1218 834 afflictos
1247 792 1484 842 consolari,
1519 794 1676 837 sedare
1706 794 1871 836 discor-

239 872 349 922 dias,
383 871 632 913 simultates
655 877 699 911 et
729 869 984 910 inimicitias
1019 869 1190 919 tollere,
1217 870 1558 912 consulentibus
1582 872 1868 926 respondere,

240 948 547 990 confessiones
571 945 740 998 audire,
768 961 883 1000 quae
906 946 1074 988 multae
1097 953 1218 997 sunt,
1246 960 1348 987 cum
1371 960 1461 988 non
1485 953 1659 989 tantum
1679 947 1871 1002 singulis

238 1025 482 1080 mensibus,
510 1025 588 1067 sed
611 1024 697 1065 iam
721 1030 884 1065 octauo
908 1037 1088 1077 quoque
1111 1022 1182 1065 die
1211 1037 1300 1065 non
1327 1023 1458 1078 pauci
1488 1038 1662 1065 sacram
1695 1025 1869 1067 Eucha-

238 1102 406 1144 ristiam
440 1116 617 1144 sumere
652 1107 911 1152 asuescant3
951 1100 1070 1153 quod
1101 1099 1144 1141 in
1173 1114 1226 1142 eo
1261 1099 1425 1155 oppido
1454 1115 1507 1142 eo
1537 1101 1686 1142 minus
1717 1101 1868 1156 poeni-

238 1179 421 1222 tendum
447 1185 531 1233 est,
559 1192 647 1231 quo
671 1177 816 1232 magis
835 1177 894 1226 id,
924 1183 972 1218 ut
992 1191 1161 1218 nouum
1181 1183 1224 1219 et
1248 1176 1528 1232 inusitatum,
1555 1177 1767 1232 oppidani
1791 1193 1868 1220 an-

238 1262 307 1298 tea
330 1255 474 1297 ridere
503 1255 723 1297 solebant.
752 1255 808 1295 Et
832 1255 943 1296 haec
970 1261 1057 1294 tam
1084 1253 1195 1294 leuis
1224 1267 1359 1295 causa
1387 1255 1641 1308 complures
1665 1269 1688 1296 a
1713 1269 1865 1296 mensa

236 1331 417 1374 Domini
457 1332 613 1386 procul
653 1331 849 1382 arcebat,
887 1330 941 1372 ad
967 1344 1098 1384 quam
1124 1337 1272 1372 tamen
1296 1330 1428 1371 iidem
1464 1344 1620 1372 omnes
1644 1344 1765 1372 nunc
1796 1332 1869 1374 uel

233 1409 456 1451 accedunt
487 1409 558 1451 uel
588 1407 857 1449 accedentes
887 1406 1159 1449 collaudant.
1194 1407 1451 1448 Excurrunt
1480 1407 1705 1449 interdum
1736 1422 1790 1449 ex
1813 1422 1867 1450 eo

234 1484 424 1540 collegio
458 1484 598 1526 nostri
631 1484 675 1525 in
712 1482 941 1538 proximas
965 1482 1104 1532 uillas,
1141 1490 1184 1524 et
1218 1483 1412 1525 rusticos
1449 1484 1504 1525 ad
1537 1484 1866 1527 confessionem

231 1564 482 1615 hortantur,
509 1561 565 1603 ad
595 1575 727 1615 quam
759 1575 846 1602 non
873 1560 957 1602 alia
987 1559 1130 1615 magis
1154 1574 1230 1603 eos
1260 1559 1432 1603 ratione
1462 1560 1698 1612 inducunt,
1733 1575 1866 1615 quam

233 1638 407 1680 illorum
435 1638 629 1680 uirorum
655 1651 706 1681 ac
732 1637 970 1679 mulierum
991 1638 1215 1692 exemplo,
1238 1636 1314 1691 qui
1334 1638 1500 1681 Romae
1520 1637 1744 1692 frequenti
1767 1638 1865 1680 usui

233 1723 614 1758 sacramentorum
651 1714 818 1766 asueti,
859 1714 932 1756 ubi
968 1715 1038 1757 uel
1075 1714 1370 1766 ualetudinis,
1404 1715 1475 1758 uel
1516 1714 1693 1758 laxandi
1729 1715 1866 1758 animi

229 1792 373 1846 gratia
396 1792 440 1833 in
465 1792 774 1835 Tusculanum
800 1806 847 1833 se
870 1792 1127 1844 conferunt3
1154 1791 1303 1833 statim
1328 1791 1487 1834 diebus
1511 1792 1635 1834 festis
1659 1800 1862 1835 nostrum

231 1869 519 1911 tusculanum
556 1869 769 1923 templum
801 1869 985 1920 adeunt,
1017 1867 1168 1922 ibique
1197 1868 1389 1911 confessi
1424 1870 1627 1924 synaxim
1661 1877 1864 1912 sumunt.

231 1945 317 1987 Vix
339 1945 473 1988 etiam
499 1946 614 1988 ullus
645 1945 884 2000 episcopus
915 1951 992 1986 aut
1021 1944 1260 1987 cardinalis
1289 1944 1378 1986 illic
1408 1946 1648 1999 aliquando
1679 1946 1865 1989 rustica-

231 2032 316 2077 tur,
345 2022 419 2076 qui
442 2030 620 2064 nostros
642 2036 732 2064 non
757 2021 940 2064 inuisat.
975 2021 1220 2063 Tusculani
1251 2021 1456 2066 homines
1485 2022 1757 2066 Societatem
1787 2025 1863 2065 ho-

229 2113 352 2151 nore,
393 2098 711 2142 beneuolentia
751 2105 795 2140 et
837 2112 925 2152 qua
957 2105 1147 2153 possunt
1180 2098 1462 2150 liberalitate,
1510 2107 1862 2155 prosequuntur.

228 2176 414 2219 Scholas
443 2175 503 2216 ibi
528 2189 710 2230 quoque
740 2190 764 2217 a
793 2174 957 2217 nostris
982 2174 1142 2229 aperiri
1166 2175 1370 2231 cupiunt,
1398 2175 1604 2230 quamuis
1627 2176 1865 2232 ludimagi-

227 2260 369 2294 strum
393 2252 572 2307 publice
597 2238 717 2294 alant
741 2252 1020 2294 sacerdotem
1051 2253 1293 2306 quendam,
1319 2267 1426 2295 sane
1455 2252 1601 2295 uirum
1628 2253 1795 2296 bonum
1820 2261 1864 2297 et

227 2329 335 2372 satis
357 2329 601 2380 eruditum,
632 2328 724 2384 qui,
752 2336 800 2370 ut
823 2328 990 2370 nostris
1015 2343 1112 2371 mos
1133 2336 1218 2383 est,
1246 2337 1410 2371 octauo
1433 2343 1613 2385 quoque
1636 2329 1708 2372 die
1731 2329 1862 2372 disci-

228 2406 355 2460 pulos
380 2407 435 2448 ad
462 2405 673 2449 uirtutem
698 2412 742 2448 et
766 2405 1053 2447 christianam
1090 2405 1301 2460 pietatem
1326 2407 1600 2458 cohortatur,
1632 2413 1676 2450 et
1701 2406 1864 2448 nostris

227 2482 430 2524 confiteri
468 2483 608 2525 iubet.
644 2484 741 2537 Ipse
771 2496 905 2537 porro
935 2496 1023 2523 non
1047 2483 1183 2538 longe
1213 2483 1339 2525 abest
1369 2482 1424 2524 ab
1447 2483 1741 2538 euangelicae
1764 2497 1862 2538 per-

230 2558 436 2602 fectionis
460 2558 706 2614 proposit03
735 2559 952 2602 acriorem
986 2566 1134 2601 tamen
1160 2559 1422 2601 instinctum
1452 2574 1477 2601 a
1506 2560 1604 2603 Deo
1635 2566 1859 2614 expectat,

231 2635 499 2689 assidueque
525 2635 773 2679 contendit.

320 2711 406 2753 Pro
428 2711 498 2754 his
520 2712 746 2763 omnibus,
774 2713 828 2754 R.
854 2711 898 2754 in
929 2713 1047 2767 Xpo.
1076 2712 1225 2762 Pater,
1252 2712 1425 2767 gratiae
1457 2719 1653 2768 agantur
1682 2713 1861 2756 laudes-

231 2800 317 2841 que
341 2787 594 2830 tribuantur
617 2787 800 2831 Christo
822 2787 992 2843 optimo
1016 2787 1223 2839 maximo,
1251 2787 1327 2842 qui
1358 2795 1406 2830 ut
1434 2802 1515 2844 pro
1544 2803 1625 2831 sua
1654 2788 1864 2844 benigni-

232 2869 323 2905 tate
346 2876 427 2905 nos
450 2864 505 2905 ad
535 2865 651 2906 hanc
679 2863 992 2919 euangelicam
1023 2863 1345 2919 perfectionem
1376 2878 1542 2908 uocare
1571 2864 1730 2918 uoluit,
1757 2879 1860 2907 con-

230 2945 448 2992 temptum
483 2953 631 2982 rerum
662 2940 961 2982 humanarum
996 2939 1156 2982 animis
1185 2940 1352 2982 nostris
1384 2940 1603 2993 inserens,
1636 2941 1698 2983 ita
1732 2941 1862 2983 nobis

231 3014 487 3057 facultatem
524 3016 628 3057 dare
663 3016 877 3068 dignetur
908 3015 952 3057 in
978 3016 1072 3059 dies
1105 3016 1250 3071 magis
1282 3015 1562 3072 proficiendi,
1598 3031 1650 3060 ac
1683 3025 1863 3061 nostrae
