<?xml version="1.0" encoding="UTF-8"?>
<!DOCTYPE html PUBLIC "-//W3C//DTD XHTML 1.0 Transitional//EN"
    "http://www.w3.org/TR/xhtml1/DTD/xhtml1-transitional.dtd">
<html xmlns="http://www.w3.org/1999/xhtml" xml:lang="en" lang="en">
 <head>
  <title>
</title>
<meta http-equiv="Content-Type" content="text/html;charset=utf-8" />
  <meta name='ocr-system' content='tesseract 3.04.00' />
  <meta name='ocr-capabilities' content='ocr_page ocr_carea ocr_par ocr_line ocrx_word'/>
</head>
<body>
  <div class='ocr_page' id='page_1' title='image "./polancicomplemen06pola_0014.png"; bbox 0 0 1971 3276; ppageno 0'>
   <div class='ocr_carea' id='block_1_1' title="bbox 278 216 1320 251">
    <p class='ocr_par' dir='ltr' id='par_1_1' title="bbox 278 216 1320 251">
     <span class='ocr_line' id='line_1_1' title="bbox 278 216 1320 251; baseline -0.001 0"><span class='ocrx_word' id='word_1_1' title='bbox 278 226 349 251; x_wconf 83' lang='lat' dir='ltr'>vlu</span> <span class='ocrx_word' id='word_1_2' title='bbox 788 216 977 251; x_wconf 76' lang='lat' dir='ltr'>POLANCI</span> <span class='ocrx_word' id='word_1_3' title='bbox 1005 225 1320 251; x_wconf 85' lang='lat' dir='ltr'><strong>COMPLEMENTA</strong></span> 
     </span>
    </p>
   </div>
   <div class='ocr_carea' id='block_1_2' title="bbox 230 315 1867 678">
    <p class='ocr_par' dir='ltr' id='par_1_2' title="bbox 230 315 1867 602">
     <span class='ocr_line' id='line_1_2' title="bbox 231 315 1863 372; baseline -0.002 -12"><span class='ocrx_word' id='word_1_4' title='bbox 231 332 397 372; x_wconf 87' lang='lat' dir='ltr'>magna</span> <span class='ocrx_word' id='word_1_5' title='bbox 429 317 613 372; x_wconf 89' lang='lat' dir='ltr'>penuria</span> <span class='ocrx_word' id='word_1_6' title='bbox 645 317 869 360; x_wconf 80' lang='lat' dir='ltr'>laboraret</span> <span class='ocrx_word' id='word_1_7' title='bbox 898 317 1059 359; x_wconf 86' lang='lat' dir='ltr'>domus</span> <span class='ocrx_word' id='word_1_8' title='bbox 1085 331 1283 368; x_wconf 88' lang='lat' dir='ltr'>romana,</span> <span class='ocrx_word' id='word_1_9' title='bbox 1311 316 1530 372; x_wconf 86' lang='lat' dir='ltr'>pecuniae</span> <span class='ocrx_word' id='word_1_10' title='bbox 1564 330 1726 360; x_wconf 90' lang='lat' dir='ltr'>aureae</span> <span class='ocrx_word' id='word_1_11' title='bbox 1756 315 1863 367; x_wconf 89' lang='lat' dir='ltr'>vim,</span> 
     </span>
     <span class='ocr_line' id='line_1_3' title="bbox 231 392 1865 449; baseline -0.001 -13"><span class='ocrx_word' id='word_1_12' title='bbox 231 395 362 449; x_wconf 89' lang='lat' dir='ltr'>plane</span> <span class='ocrx_word' id='word_1_13' title='bbox 385 407 524 436; x_wconf 85' lang='lat' dir='ltr'>novae</span> <span class='ocrx_word' id='word_1_14' title='bbox 547 400 591 437; x_wconf 93' lang='lat' dir='ltr'>et</span> <span class='ocrx_word' id='word_1_15' title='bbox 615 393 742 447; x_wconf 81' lang='lat' dir='ltr'>quasi</span> <span class='ocrx_word' id='word_1_16' title='bbox 771 393 814 434; x_wconf 90' lang='lat' dir='ltr'>in</span> <span class='ocrx_word' id='word_1_17' title='bbox 846 392 1100 448; x_wconf 88' lang='lat' dir='ltr'>praesentia</span> <span class='ocrx_word' id='word_1_18' title='bbox 1128 407 1337 449; x_wconf 81' lang='lat' dir='ltr'>excusae,</span> <span class='ocrx_word' id='word_1_19' title='bbox 1367 393 1484 436; x_wconf 87' lang='lat' dir='ltr'>inter</span> <span class='ocrx_word' id='word_1_20' title='bbox 1512 393 1716 434; x_wconf 89' lang='lat' dir='ltr'>concisas</span> <span class='ocrx_word' id='word_1_21' title='bbox 1739 393 1865 434; x_wconf 86' lang='lat' dir='ltr'>char-</span> 
     </span>
     <span class='ocr_line' id='line_1_4' title="bbox 233 469 1867 525; baseline -0.001 -13"><span class='ocrx_word' id='word_1_22' title='bbox 233 478 300 513; x_wconf 89' lang='lat' dir='ltr'>tas</span> <span class='ocrx_word' id='word_1_23' title='bbox 323 478 366 514; x_wconf 90' lang='lat' dir='ltr'>et</span> <span class='ocrx_word' id='word_1_24' title='bbox 389 471 552 513; x_wconf 90' lang='lat' dir='ltr'>rudera</span> <span class='ocrx_word' id='word_1_25' title='bbox 575 470 798 524; x_wconf 81' lang='lat' dir='ltr'>quaedam</span> <span class='ocrx_word' id='word_1_26' title='bbox 822 470 867 511; x_wconf 91' lang='lat' dir='ltr'>in</span> <span class='ocrx_word' id='word_1_27' title='bbox 890 469 1001 512; x_wconf 87' lang='lat' dir='ltr'>cista</span> <span class='ocrx_word' id='word_1_28' title='bbox 1033 470 1247 525; x_wconf 85' lang='lat' dir='ltr'>repererit</span> <span class='ocrx_word' id='word_1_29' title='bbox 1272 470 1516 521; x_wconf 86' lang='lat' dir='ltr'>Polancus,</span> <span class='ocrx_word' id='word_1_30' title='bbox 1552 469 1617 511; x_wconf 90' lang='lat' dir='ltr'>eis</span> <span class='ocrx_word' id='word_1_31' title='bbox 1641 469 1867 524; x_wconf 86' lang='lat' dir='ltr'>adjunctis</span> 
     </span>
     <span class='ocr_line' id='line_1_5' title="bbox 230 546 1537 602; baseline -0.002 -12"><span class='ocrx_word' id='word_1_32' title='bbox 230 547 395 602; x_wconf 88' lang='lat' dir='ltr'>quibus</span> <span class='ocrx_word' id='word_1_33' title='bbox 419 561 488 590; x_wconf 88' lang='lat' dir='ltr'>res</span> <span class='ocrx_word' id='word_1_34' title='bbox 511 554 578 588; x_wconf 90' lang='lat' dir='ltr'>est</span> <span class='ocrx_word' id='word_1_35' title='bbox 602 553 707 588; x_wconf 84' lang='lat' dir='ltr'>nota</span> <span class='ocrx_word' id='word_1_36' title='bbox 731 546 949 589; x_wconf 84' lang='lat' dir='ltr'>historiae</span> <span class='ocrx_word' id='word_1_37' title='bbox 972 553 1152 589; x_wconf 89' lang='lat' dir='ltr'>nostrae</span> <span class='ocrx_word' id='word_1_38' title='bbox 1174 561 1265 588; x_wconf 91' lang='lat' dir='ltr'>non</span> <span class='ocrx_word' id='word_1_39' title='bbox 1289 546 1460 602; x_wconf 87' lang='lat' dir='ltr'>ignaris</span> <span class='ocrx_word' id='word_1_40' title='bbox 1488 546 1537 588; x_wconf 81' lang='lat'>¹¹.</span> 
     </span>
    </p>

    <p class='ocr_par' dir='ltr' id='par_1_3' title="bbox 319 623 1864 678">
     <span class='ocr_line' id='line_1_6' title="bbox 319 623 1864 678; baseline -0.001 -12"><span class='ocrx_word' id='word_1_41' title='bbox 319 623 541 678; x_wconf 87' lang='lat' dir='ltr'>Satisjam</span> <span class='ocrx_word' id='word_1_42' title='bbox 561 630 764 665; x_wconf 87' lang='lat' dir='ltr'>maturus</span> <span class='ocrx_word' id='word_1_43' title='bbox 782 623 838 665; x_wconf 92' lang='lat' dir='ltr'>ad</span> <span class='ocrx_word' id='word_1_44' title='bbox 862 623 1093 666; x_wconf 80' lang='lat' dir='ltr'>solennem</span> <span class='ocrx_word' id='word_1_45' title='bbox 1114 623 1441 678; x_wconf 87' lang='lat' dir='ltr'>professionem</span> <span class='ocrx_word' id='word_1_46' title='bbox 1459 623 1711 665; x_wconf 89' lang='lat' dir='ltr'>videbatur.</span> <span class='ocrx_word' id='word_1_47' title='bbox 1735 624 1864 678; x_wconf 88' lang='lat' dir='ltr'>Igna-</span> 
     </span>
    </p>
   </div>
   <div class='ocr_carea' id='block_1_3' title="bbox 231 698 1868 753">
    <p class='ocr_par' dir='ltr' id='par_1_4' title="bbox 231 698 1868 753">
     <span class='ocr_line' id='line_1_7' title="bbox 231 698 1868 753; baseline 0 -12"><span class='ocrx_word' id='word_1_48' title='bbox 231 700 335 752; x_wconf 84' lang='lat' dir='ltr'>tius,</span> <span class='ocrx_word' id='word_1_49' title='bbox 367 699 593 743; x_wconf 90' lang='lat' dir='ltr'>sententia</span> <span class='ocrx_word' id='word_1_50' title='bbox 623 699 776 742; x_wconf 90' lang='lat' dir='ltr'>audita</span> <span class='ocrx_word' id='word_1_51' title='bbox 806 706 999 753; x_wconf 89' lang='lat' dir='ltr'>quatuor</span> <span class='ocrx_word' id='word_1_52' title='bbox 1032 713 1087 741; x_wconf 85' lang='lat' dir='ltr'>ex</span> <span class='ocrx_word' id='word_1_53' title='bbox 1117 699 1362 743; x_wconf 88' lang='lat' dir='ltr'>Societatis</span> <span class='ocrx_word' id='word_1_54' title='bbox 1400 699 1711 741; x_wconf 84' lang='lat' dir='ltr'>conditoribus</span> <span class='ocrx_word' id='word_1_55' title='bbox 1741 698 1789 752; x_wconf 80' lang='lat'>²²,</span> <span class='ocrx_word' id='word_1_56' title='bbox 1823 708 1868 741; x_wconf 89' lang='lat' dir='ltr'>et</span> 
     </span>
    </p>
   </div>
   <div class='ocr_carea' id='block_1_4' title="bbox 224 775 1868 2209">
    <p class='ocr_par' dir='ltr' id='par_1_5' title="bbox 224 775 1868 985">
     <span class='ocr_line' id='line_1_8' title="bbox 230 775 1864 832; baseline -0.001 -13"><span class='ocrx_word' id='word_1_57' title='bbox 230 777 565 832; x_wconf 86' lang='lat' dir='ltr'>dispensatione</span> <span class='ocrx_word' id='word_1_58' title='bbox 588 784 861 831; x_wconf 84' lang='lat' dir='ltr'>comparata,</span> <span class='ocrx_word' id='word_1_59' title='bbox 894 778 950 819; x_wconf 91' lang='lat' dir='ltr'>de</span> <span class='ocrx_word' id='word_1_60' title='bbox 980 791 1069 831; x_wconf 86' lang='lat' dir='ltr'>qua</span> <span class='ocrx_word' id='word_1_61' title='bbox 1100 790 1183 818; x_wconf 89' lang='lat' dir='ltr'>suo</span> <span class='ocrx_word' id='word_1_62' title='bbox 1215 783 1416 831; x_wconf 86' lang='lat' dir='ltr'>tempore</span> <span class='ocrx_word' id='word_1_63' title='bbox 1445 775 1589 818; x_wconf 89' lang='lat' dir='ltr'>acturi</span> <span class='ocrx_word' id='word_1_64' title='bbox 1618 790 1774 818; x_wconf 88' lang='lat' dir='ltr'>sumus</span> <span class='ocrx_word' id='word_1_65' title='bbox 1814 775 1864 830; x_wconf 77' lang='lat'>¹³,</span> 
     </span>
     <span class='ocr_line' id='line_1_9' title="bbox 224 852 1868 911; baseline -0.001 -15"><span class='ocrx_word' id='word_1_66' title='bbox 224 856 446 911; x_wconf 89' lang='lat' dir='ltr'>Joannem</span> <span class='ocrx_word' id='word_1_67' title='bbox 471 862 674 895; x_wconf 87' lang='lat' dir='ltr'>nostrum</span> <span class='ocrx_word' id='word_1_68' title='bbox 699 852 879 908; x_wconf 85' lang='lat' dir='ltr'>publice</span> <span class='ocrx_word' id='word_1_69' title='bbox 910 867 991 896; x_wconf 87' lang='lat' dir='ltr'>sua</span> <span class='ocrx_word' id='word_1_70' title='bbox 1015 860 1123 895; x_wconf 90' lang='lat' dir='ltr'>vota</span> <span class='ocrx_word' id='word_1_71' title='bbox 1148 856 1413 908; x_wconf 87' lang='lat' dir='ltr'>nuncupare</span> <span class='ocrx_word' id='word_1_72' title='bbox 1447 852 1648 907; x_wconf 87' lang='lat' dir='ltr'>permisit</span> <span class='ocrx_word' id='word_1_73' title='bbox 1680 853 1724 894; x_wconf 91' lang='lat' dir='ltr'>in</span> <span class='ocrx_word' id='word_1_74' title='bbox 1754 854 1868 896; x_wconf 91' lang='lat' dir='ltr'>festo</span> 
     </span>
     <span class='ocr_line' id='line_1_10' title="bbox 231 929 1659 985; baseline -0.001 -13"><span class='ocrx_word' id='word_1_75' title='bbox 231 929 558 972; x_wconf 87' lang='lat' dir='ltr'>Incarnationis</span> <span class='ocrx_word' id='word_1_76' title='bbox 580 929 850 980; x_wconf 83' lang='lat' dir='ltr'>dominicae,</span> <span class='ocrx_word' id='word_1_77' title='bbox 878 943 997 971; x_wconf 89' lang='lat' dir='ltr'>anno</span> <span class='ocrx_word' id='word_1_78' title='bbox 1027 939 1138 985; x_wconf 84' lang='lat'>1549</span> <span class='ocrx_word' id='word_1_79' title='bbox 1161 929 1250 982; x_wconf 83' lang='lat'><strong>(20,</strong></span> <span class='ocrx_word' id='word_1_80' title='bbox 1276 930 1347 982; x_wconf 88' lang='grc'>22,</span> <span class='ocrx_word' id='word_1_81' title='bbox 1373 929 1448 982; x_wconf 90' lang='grc'>24,</span> <span class='ocrx_word' id='word_1_82' title='bbox 1473 931 1583 981; x_wconf 88' lang='lat' dir='ltr'>etc.)</span> <span class='ocrx_word' id='word_1_83' title='bbox 1610 929 1659 972; x_wconf 69' lang='lat'>¹⁴.</span> 
     </span>
    </p>

    <p class='ocr_par' dir='ltr' id='par_1_6' title="bbox 228 1005 1868 1510">
     <span class='ocr_line' id='line_1_11' title="bbox 322 1005 1865 1061; baseline 0 -13"><span class='ocrx_word' id='word_1_84' title='bbox 322 1006 430 1049; x_wconf 88' lang='lat' dir='ltr'>Plus</span> <span class='ocrx_word' id='word_1_85' title='bbox 458 1020 619 1048; x_wconf 89' lang='lat' dir='ltr'>novem</span> <span class='ocrx_word' id='word_1_86' title='bbox 650 1019 792 1047; x_wconf 89' lang='lat' dir='ltr'>annos</span> <span class='ocrx_word' id='word_1_87' title='bbox 823 1013 980 1047; x_wconf 89' lang='lat' dir='ltr'>sancto</span> <span class='ocrx_word' id='word_1_88' title='bbox 1010 1005 1192 1048; x_wconf 87' lang='lat' dir='ltr'>Parenti</span> <span class='ocrx_word' id='word_1_89' title='bbox 1223 1005 1400 1061; x_wconf 87' lang='lat' dir='ltr'>Ignatio</span> <span class='ocrx_word' id='word_1_90' title='bbox 1428 1006 1599 1048; x_wconf 87' lang='lat' dir='ltr'>adstitit</span> <span class='ocrx_word' id='word_1_91' title='bbox 1628 1012 1865 1061; x_wconf 88' lang='lat' dir='ltr'>perpetuo,</span> 
     </span>
     <span class='ocr_line' id='line_1_12' title="bbox 228 1082 1868 1139; baseline 0 -13"><span class='ocrx_word' id='word_1_92' title='bbox 228 1084 326 1139; x_wconf 90' lang='lat' dir='ltr'>ejus</span> <span class='ocrx_word' id='word_1_93' title='bbox 355 1083 533 1138; x_wconf 88' lang='lat' dir='ltr'>adjutor</span> <span class='ocrx_word' id='word_1_94' title='bbox 561 1090 773 1125; x_wconf 88' lang='lat' dir='ltr'>strenuus</span> <span class='ocrx_word' id='word_1_95' title='bbox 803 1089 846 1125; x_wconf 92' lang='lat' dir='ltr'>et</span> <span class='ocrx_word' id='word_1_96' title='bbox 883 1096 1040 1137; x_wconf 82' lang='lat' dir='ltr'>sagax,</span> <span class='ocrx_word' id='word_1_97' title='bbox 1068 1082 1192 1124; x_wconf 89' lang='lat' dir='ltr'>illum</span> <span class='ocrx_word' id='word_1_98' title='bbox 1221 1082 1442 1126; x_wconf 86' lang='lat' dir='ltr'>comitans</span> <span class='ocrx_word' id='word_1_99' title='bbox 1471 1083 1605 1124; x_wconf 89' lang='lat' dir='ltr'>etiam</span> <span class='ocrx_word' id='word_1_100' title='bbox 1629 1082 1674 1124; x_wconf 92' lang='lat' dir='ltr'>in</span> <span class='ocrx_word' id='word_1_101' title='bbox 1707 1082 1868 1137; x_wconf 87' lang='lat' dir='ltr'>itinere</span> 
     </span>
     <span class='ocr_line' id='line_1_13' title="bbox 231 1158 1866 1220; baseline -0.002 -17"><span class='ocrx_word' id='word_1_102' title='bbox 231 1160 367 1203; x_wconf 87' lang='lat' dir='ltr'>Alviti</span> <span class='ocrx_word' id='word_1_103' title='bbox 390 1166 435 1201; x_wconf 92' lang='lat' dir='ltr'>et</span> <span class='ocrx_word' id='word_1_104' title='bbox 458 1159 683 1214; x_wconf 87' lang='lat' dir='ltr'>Cyperani</span> <span class='ocrx_word' id='word_1_105' title='bbox 707 1162 861 1212; x_wconf 83' lang='lat'>(1552)</span> <span class='ocrx_word' id='word_1_106' title='bbox 888 1158 938 1213; x_wconf 79' lang='lat'>¹⁵3</span> <span class='ocrx_word' id='word_1_107' title='bbox 964 1159 1081 1201; x_wconf 77' lang='lat' dir='ltr'>illius</span> <span class='ocrx_word' id='word_1_108' title='bbox 1111 1173 1256 1211; x_wconf 91' lang='lat' dir='ltr'>sensa,</span> <span class='ocrx_word' id='word_1_109' title='bbox 1282 1166 1402 1210; x_wconf 85' lang='lat' dir='ltr'>vota,</span> <span class='ocrx_word' id='word_1_110' title='bbox 1436 1159 1678 1214; x_wconf 87' lang='lat' dir='ltr'>proposita,</span> <span class='ocrx_word' id='word_1_111' title='bbox 1705 1158 1866 1220; x_wconf 85' lang='lat' dir='ltr'>mirum</span> 
     </span>
     <span class='ocr_line' id='line_1_14' title="bbox 230 1235 1863 1291; baseline -0.001 -13"><span class='ocrx_word' id='word_1_112' title='bbox 230 1237 275 1279; x_wconf 88' lang='lat' dir='ltr'>in</span> <span class='ocrx_word' id='word_1_113' title='bbox 313 1237 494 1279; x_wconf 89' lang='lat' dir='ltr'>modum</span> <span class='ocrx_word' id='word_1_114' title='bbox 519 1236 790 1291; x_wconf 86' lang='lat' dir='ltr'>exprimens;</span> <span class='ocrx_word' id='word_1_115' title='bbox 817 1235 935 1277; x_wconf 89' lang='lat' dir='ltr'>illius</span> <span class='ocrx_word' id='word_1_116' title='bbox 962 1236 1044 1277; x_wconf 78' lang='lat' dir='ltr'>«ad</span> <span class='ocrx_word' id='word_1_117' title='bbox 1067 1235 1308 1289; x_wconf 82' lang='lat' dir='ltr'>imaginem</span> <span class='ocrx_word' id='word_1_118' title='bbox 1332 1244 1377 1278; x_wconf 89' lang='lat' dir='ltr'>et</span> <span class='ocrx_word' id='word_1_119' title='bbox 1405 1235 1767 1278; x_wconf 85' lang='lat' dir='ltr'>similitudinem»</span> <span class='ocrx_word' id='word_1_120' title='bbox 1795 1236 1863 1279; x_wconf 85' lang='lat' dir='ltr'>ef·</span> 
     </span>
     <span class='ocr_line' id='line_1_15' title="bbox 232 1312 1867 1368; baseline -0.001 -12"><span class='ocrx_word' id='word_1_121' title='bbox 232 1315 450 1356; x_wconf 82' lang='lat' dir='ltr'>formatus</span> <span class='ocrx_word' id='word_1_122' title='bbox 483 1312 532 1367; x_wconf 77' lang='lat'>¹⁶,</span> <span class='ocrx_word' id='word_1_123' title='bbox 567 1312 734 1366; x_wconf 86' lang='lat' dir='ltr'>talique</span> <span class='ocrx_word' id='word_1_124' title='bbox 766 1312 808 1353; x_wconf 92' lang='lat' dir='ltr'>in</span> <span class='ocrx_word' id='word_1_125' title='bbox 839 1312 1113 1356; x_wconf 86' lang='lat' dir='ltr'>Societatem</span> <span class='ocrx_word' id='word_1_126' title='bbox 1137 1326 1286 1354; x_wconf 89' lang='lat' dir='ltr'>amore</span> <span class='ocrx_word' id='word_1_127' title='bbox 1310 1327 1361 1354; x_wconf 87' lang='lat' dir='ltr'>ac</span> <span class='ocrx_word' id='word_1_128' title='bbox 1384 1312 1550 1368; x_wconf 88' lang='lat' dir='ltr'>studio,</span> <span class='ocrx_word' id='word_1_129' title='bbox 1579 1319 1626 1354; x_wconf 91' lang='lat' dir='ltr'>ut</span> <span class='ocrx_word' id='word_1_130' title='bbox 1655 1312 1701 1354; x_wconf 93' lang='lat' dir='ltr'>in</span> <span class='ocrx_word' id='word_1_131' title='bbox 1723 1327 1776 1355; x_wconf 90' lang='lat' dir='ltr'>ea</span> <span class='ocrx_word' id='word_1_132' title='bbox 1799 1319 1867 1354; x_wconf 91' lang='lat' dir='ltr'>tu-</span> 
     </span>
     <span class='ocr_line' id='line_1_16' title="bbox 231 1389 1867 1444; baseline 0.001 -13"><span class='ocrx_word' id='word_1_133' title='bbox 231 1390 365 1432; x_wconf 87' lang='lat' dir='ltr'>tanda</span> <span class='ocrx_word' id='word_1_134' title='bbox 388 1398 522 1444; x_wconf 86' lang='lat' dir='ltr'>atque</span> <span class='ocrx_word' id='word_1_135' title='bbox 545 1389 875 1444; x_wconf 84' lang='lat' dir='ltr'>amplificanda,</span> <span class='ocrx_word' id='word_1_136' title='bbox 903 1389 1048 1432; x_wconf 88' lang='lat' dir='ltr'>zelum</span> <span class='ocrx_word' id='word_1_137' title='bbox 1077 1389 1222 1443; x_wconf 88' lang='lat' dir='ltr'>majus</span> <span class='ocrx_word' id='word_1_138' title='bbox 1245 1403 1378 1443; x_wconf 88' lang='lat' dir='ltr'>quam</span> <span class='ocrx_word' id='word_1_139' title='bbox 1412 1390 1636 1431; x_wconf 88' lang='lat' dir='ltr'>Polancus</span> <span class='ocrx_word' id='word_1_140' title='bbox 1660 1389 1867 1433; x_wconf 87' lang='lat' dir='ltr'>ostende·</span> 
     </span>
     <span class='ocr_line' id='line_1_17' title="bbox 233 1464 811 1510; baseline -0.003 -2"><span class='ocrx_word' id='word_1_141' title='bbox 233 1482 279 1510; x_wconf 90' lang='lat' dir='ltr'>re</span> <span class='ocrx_word' id='word_1_142' title='bbox 301 1467 422 1508; x_wconf 87' lang='lat' dir='ltr'>visus</span> <span class='ocrx_word' id='word_1_143' title='bbox 446 1466 578 1508; x_wconf 88' lang='lat' dir='ltr'>fuerit</span> <span class='ocrx_word' id='word_1_144' title='bbox 603 1479 735 1507; x_wconf 85' lang='lat' dir='ltr'>nemo</span> <span class='ocrx_word' id='word_1_145' title='bbox 762 1464 811 1507; x_wconf 90' lang='lat'>¹⁷.</span> 
     </span>
    </p>

    <p class='ocr_par' dir='ltr' id='par_1_7' title="bbox 227 1541 1867 2045">
     <span class='ocr_line' id='line_1_18' title="bbox 321 1541 1865 1597; baseline -0.001 -12"><span class='ocrx_word' id='word_1_146' title='bbox 321 1544 539 1586; x_wconf 89' lang='lat' dir='ltr'>Ultimum</span> <span class='ocrx_word' id='word_1_147' title='bbox 570 1543 773 1584; x_wconf 86' lang='lat' dir='ltr'>morbum</span> <span class='ocrx_word' id='word_1_148' title='bbox 809 1541 984 1597; x_wconf 90' lang='lat' dir='ltr'>patiens</span> <span class='ocrx_word' id='word_1_149' title='bbox 1017 1542 1236 1597; x_wconf 70' lang='lat' dir='ltr'>Ignafius,</span> <span class='ocrx_word' id='word_1_150' title='bbox 1271 1542 1469 1583; x_wconf 88' lang='lat' dir='ltr'>Polanco</span> <span class='ocrx_word' id='word_1_151' title='bbox 1492 1541 1630 1584; x_wconf 88' lang='lat' dir='ltr'>totius</span> <span class='ocrx_word' id='word_1_152' title='bbox 1664 1542 1865 1597; x_wconf 88' lang='lat' dir='ltr'>regimen</span> 
     </span>
     <span class='ocr_line' id='line_1_19' title="bbox 230 1617 1864 1673; baseline -0.001 -11"><span class='ocrx_word' id='word_1_153' title='bbox 230 1619 468 1663; x_wconf 87' lang='lat' dir='ltr'>Societatis</span> <span class='ocrx_word' id='word_1_154' title='bbox 501 1618 725 1661; x_wconf 88' lang='lat' dir='ltr'>commisit</span> <span class='ocrx_word' id='word_1_155' title='bbox 762 1618 811 1669; x_wconf 72' lang='lat'>¹⁸,</span> <span class='ocrx_word' id='word_1_156' title='bbox 848 1617 1019 1661; x_wconf 88' lang='lat' dir='ltr'>socium</span> <span class='ocrx_word' id='word_1_157' title='bbox 1059 1618 1280 1673; x_wconf 89' lang='lat' dir='ltr'>praebens</span> <span class='ocrx_word' id='word_1_158' title='bbox 1305 1618 1534 1660; x_wconf 88' lang='lat' dir='ltr'>doctorem</span> <span class='ocrx_word' id='word_1_159' title='bbox 1575 1618 1864 1671; x_wconf 86' lang='lat' dir='ltr'>Madridium‚</span> 
     </span>
     <span class='ocr_line' id='line_1_20' title="bbox 228 1693 1867 1749; baseline -0.001 -11"><span class='ocrx_word' id='word_1_160' title='bbox 228 1697 349 1738; x_wconf 88' lang='lat' dir='ltr'>haud</span> <span class='ocrx_word' id='word_1_161' title='bbox 372 1697 479 1738; x_wconf 89' lang='lat' dir='ltr'>dum</span> <span class='ocrx_word' id='word_1_162' title='bbox 502 1695 706 1739; x_wconf 89' lang='lat' dir='ltr'>solennia</span> <span class='ocrx_word' id='word_1_163' title='bbox 731 1696 982 1749; x_wconf 84' lang='lat' dir='ltr'>professum</span> <span class='ocrx_word' id='word_1_164' title='bbox 1005 1702 1122 1737; x_wconf 89' lang='lat' dir='ltr'>vota.</span> <span class='ocrx_word' id='word_1_165' title='bbox 1151 1693 1445 1739; x_wconf 87' lang='lat' dir='ltr'>Sanctissimo</span> <span class='ocrx_word' id='word_1_166' title='bbox 1470 1709 1577 1738; x_wconf 90' lang='lat' dir='ltr'>vero</span> <span class='ocrx_word' id='word_1_167' title='bbox 1604 1697 1798 1738; x_wconf 87' lang='lat' dir='ltr'>Parente</span> <span class='ocrx_word' id='word_1_168' title='bbox 1822 1695 1867 1736; x_wconf 91' lang='lat' dir='ltr'>in</span> 
     </span>
     <span class='ocr_line' id='line_1_21' title="bbox 227 1771 1867 1828; baseline -0.001 -13"><span class='ocrx_word' id='word_1_169' title='bbox 227 1786 414 1828; x_wconf 90' lang='lat' dir='ltr'>superos</span> <span class='ocrx_word' id='word_1_170' title='bbox 453 1773 631 1814; x_wconf 89' lang='lat' dir='ltr'>sublato</span> <span class='ocrx_word' id='word_1_171' title='bbox 671 1772 838 1825; x_wconf 83' lang='lat'>(1556),</span> <span class='ocrx_word' id='word_1_172' title='bbox 880 1786 1019 1826; x_wconf 88' lang='lat' dir='ltr'>quum</span> <span class='ocrx_word' id='word_1_173' title='bbox 1054 1771 1226 1815; x_wconf 89' lang='lat' dir='ltr'>electus</span> <span class='ocrx_word' id='word_1_174' title='bbox 1258 1779 1377 1815; x_wconf 89' lang='lat' dir='ltr'>esset</span> <span class='ocrx_word' id='word_1_175' title='bbox 1411 1772 1636 1827; x_wconf 89' lang='lat' dir='ltr'>generalis</span> <span class='ocrx_word' id='word_1_176' title='bbox 1673 1771 1867 1813; x_wconf 85' lang='lat' dir='ltr'>vicarius</span> 
     </span>
     <span class='ocr_line' id='line_1_22' title="bbox 229 1847 1863 1903; baseline -0.002 -11"><span class='ocrx_word' id='word_1_177' title='bbox 229 1849 429 1903; x_wconf 78' lang='lat' dir='ltr'>Lainius,</span> <span class='ocrx_word' id='word_1_178' title='bbox 462 1849 590 1903; x_wconf 88' lang='lat' dir='ltr'>isque</span> <span class='ocrx_word' id='word_1_179' title='bbox 613 1849 740 1903; x_wconf 85' lang='lat' dir='ltr'>gravi</span> <span class='ocrx_word' id='word_1_180' title='bbox 772 1849 962 1891; x_wconf 87' lang='lat' dir='ltr'>affectus</span> <span class='ocrx_word' id='word_1_181' title='bbox 986 1849 1142 1890; x_wconf 91' lang='lat' dir='ltr'>morbo</span> <span class='ocrx_word' id='word_1_182' title='bbox 1167 1848 1475 1903; x_wconf 88' lang='lat' dir='ltr'>decumberet,</span> <span class='ocrx_word' id='word_1_183' title='bbox 1501 1847 1668 1892; x_wconf 88' lang='lat' dir='ltr'>eisdem</span> <span class='ocrx_word' id='word_1_184' title='bbox 1696 1848 1863 1890; x_wconf 87' lang='lat' dir='ltr'>Polan-</span> 
     </span>
     <span class='ocr_line' id='line_1_23' title="bbox 227 1924 1865 1979; baseline -0.001 -11"><span class='ocrx_word' id='word_1_185' title='bbox 227 1939 280 1968; x_wconf 92' lang='lat' dir='ltr'>co</span> <span class='ocrx_word' id='word_1_186' title='bbox 309 1939 360 1968; x_wconf 88' lang='lat' dir='ltr'>ac</span> <span class='ocrx_word' id='word_1_187' title='bbox 389 1925 625 1976; x_wconf 89' lang='lat' dir='ltr'>Madridio,</span> <span class='ocrx_word' id='word_1_188' title='bbox 657 1925 800 1967; x_wconf 86' lang='lat' dir='ltr'>donec</span> <span class='ocrx_word' id='word_1_189' title='bbox 832 1932 1124 1978; x_wconf 85' lang='lat' dir='ltr'>recrearetur,</span> <span class='ocrx_word' id='word_1_190' title='bbox 1160 1924 1472 1967; x_wconf 89' lang='lat' dir='ltr'>auctoritatem</span> <span class='ocrx_word' id='word_1_191' title='bbox 1504 1924 1726 1979; x_wconf 88' lang='lat' dir='ltr'>integram</span> <span class='ocrx_word' id='word_1_192' title='bbox 1757 1938 1865 1966; x_wconf 92' lang='lat' dir='ltr'>con-</span> 
     </span>
     <span class='ocr_line' id='line_1_24' title="bbox 230 2001 593 2045; baseline -0.003 0"><span class='ocrx_word' id='word_1_193' title='bbox 230 2002 364 2045; x_wconf 90' lang='lat' dir='ltr'>cessit</span> <span class='ocrx_word' id='word_1_194' title='bbox 389 2017 516 2044; x_wconf 87' lang='lat' dir='ltr'>suam</span> <span class='ocrx_word' id='word_1_195' title='bbox 543 2001 593 2044; x_wconf 83' lang='lat'>¹⁹.</span> 
     </span>
    </p>

    <p class='ocr_par' dir='ltr' id='par_1_8' title="bbox 228 2077 1865 2209">
     <span class='ocr_line' id='line_1_25' title="bbox 317 2077 1865 2133; baseline -0.001 -12"><span class='ocrx_word' id='word_1_196' title='bbox 317 2080 419 2121; x_wconf 90' lang='lat' dir='ltr'>Non</span> <span class='ocrx_word' id='word_1_197' title='bbox 458 2086 525 2122; x_wconf 87' lang='lat' dir='ltr'>est</span> <span class='ocrx_word' id='word_1_198' title='bbox 565 2078 681 2120; x_wconf 87' lang='lat' dir='ltr'>inter</span> <span class='ocrx_word' id='word_1_199' title='bbox 720 2077 901 2120; x_wconf 86' lang='lat' dir='ltr'>minima</span> <span class='ocrx_word' id='word_1_200' title='bbox 943 2078 1125 2119; x_wconf 88' lang='lat' dir='ltr'>Polanci</span> <span class='ocrx_word' id='word_1_201' title='bbox 1166 2077 1323 2121; x_wconf 89' lang='lat' dir='ltr'>merita</span> <span class='ocrx_word' id='word_1_202' title='bbox 1362 2078 1688 2132; x_wconf 84' lang='lat' dir='ltr'>computanda,</span> <span class='ocrx_word' id='word_1_203' title='bbox 1730 2091 1865 2133; x_wconf 86' lang='lat' dir='ltr'>opera</span> 
     </span>
     <span class='ocr_line' id='line_1_26' title="bbox 228 2153 1863 2209; baseline -0.001 -12"><span class='ocrx_word' id='word_1_204' title='bbox 228 2170 361 2209; x_wconf 88' lang='lat' dir='ltr'>quam</span> <span class='ocrx_word' id='word_1_205' title='bbox 386 2155 542 2198; x_wconf 87' lang='lat' dir='ltr'>Lainio</span> <span class='ocrx_word' id='word_1_206' title='bbox 564 2154 607 2196; x_wconf 92' lang='lat' dir='ltr'>in</span> <span class='ocrx_word' id='word_1_207' title='bbox 632 2154 884 2197; x_wconf 81' lang='lat' dir='ltr'>miseranda</span> <span class='ocrx_word' id='word_1_208' title='bbox 908 2153 1243 2209; x_wconf 88' lang='lat' dir='ltr'>perturbatione</span> <span class='ocrx_word' id='word_1_209' title='bbox 1266 2153 1371 2195; x_wconf 89' lang='lat' dir='ltr'>anni</span> <span class='ocrx_word' id='word_1_210' title='bbox 1401 2163 1527 2207; x_wconf 90' lang='lat'>1557,</span> <span class='ocrx_word' id='word_1_211' title='bbox 1555 2153 1775 2209; x_wconf 81' lang='lat' dir='ltr'>singulari</span> <span class='ocrx_word' id='word_1_212' title='bbox 1800 2154 1863 2196; x_wconf 93' lang='lat' dir='ltr'>di-</span> 
     </span>
    </p>
   </div>
   <div class='ocr_carea' id='block_1_5' title="bbox 231 2230 1865 2287">
    <p class='ocr_par' dir='ltr' id='par_1_9' title="bbox 231 2230 1865 2287">
     <span class='ocr_line' id='line_1_27' title="bbox 231 2230 1865 2287; baseline -0.001 -14"><span class='ocrx_word' id='word_1_213' title='bbox 231 2232 417 2287; x_wconf 89' lang='lat' dir='ltr'>ligentia</span> <span class='ocrx_word' id='word_1_214' title='bbox 442 2231 664 2286; x_wconf 88' lang='lat' dir='ltr'>praestitit</span> <span class='ocrx_word' id='word_1_215' title='bbox 689 2244 739 2273; x_wconf 90' lang='lat' dir='ltr'>ac</span> <span class='ocrx_word' id='word_1_216' title='bbox 770 2230 1001 2274; x_wconf 88' lang='lat' dir='ltr'>fidelitate.</span> <span class='ocrx_word' id='word_1_217' title='bbox 1029 2231 1179 2285; x_wconf 76' lang='lat' dir='ltr'>Quam</span> <span class='ocrx_word' id='word_1_218' title='bbox 1203 2230 1585 2285; x_wconf 83' lang='lat' dir='ltr'>perturbationem</span> <span class='ocrx_word' id='word_1_219' title='bbox 1611 2244 1749 2284; x_wconf 88' lang='lat' dir='ltr'>quum</span> <span class='ocrx_word' id='word_1_220' title='bbox 1776 2245 1865 2272; x_wconf 90' lang='lat' dir='ltr'>non</span> 
     </span>
    </p>
   </div>
   <div class='ocr_carea' id='block_1_6' title="bbox 229 2359 1865 3054">
    <p class='ocr_par' dir='ltr' id='par_1_10' title="bbox 229 2359 1865 2464">
     <span class='ocr_line' id='line_1_28' title="bbox 229 2359 1865 2406; baseline 0.001 -10"><span class='ocrx_word' id='word_1_221' title='bbox 229 2370 379 2404; x_wconf 60' lang='lat' dir='ltr'>D1NUM,</span> <span class='ocrx_word' id='word_1_222' title='bbox 418 2362 488 2395; x_wconf 88' lang='lat' dir='ltr'>loc.</span> <span class='ocrx_word' id='word_1_223' title='bbox 526 2362 608 2403; x_wconf 82' lang='lat' dir='ltr'>cit.,</span> <span class='ocrx_word' id='word_1_224' title='bbox 646 2362 668 2395; x_wconf 88' lang='lat'>1.</span> <span class='ocrx_word' id='word_1_225' title='bbox 705 2360 812 2401; x_wconf 84' lang='lat' dir='ltr'>VIII,</span> <span class='ocrx_word' id='word_1_226' title='bbox 852 2372 887 2394; x_wconf 87' lang='lat' dir='ltr'>n.</span> <span class='ocrx_word' id='word_1_227' title='bbox 922 2359 956 2404; x_wconf 76' lang='lat'>63</span> <span class='ocrx_word' id='word_1_228' title='bbox 986 2360 1256 2401; x_wconf 71' lang='lat' dir='ltr'>AGUILERAM,</span> <span class='ocrx_word' id='word_1_229' title='bbox 1289 2359 1528 2394; x_wconf 79' lang='lat' dir='ltr'>Provinciae</span> <span class='ocrx_word' id='word_1_230' title='bbox 1559 2359 1718 2395; x_wconf 83' lang='lat' dir='ltr'>Siculae</span> <span class='ocrx_word' id='word_1_231' title='bbox 1747 2361 1789 2396; x_wconf 86' lang='lat' dir='ltr'>S.</span> <span class='ocrx_word' id='word_1_232' title='bbox 1818 2361 1865 2406; x_wconf 90' lang='lat' dir='ltr'>J.</span> 
     </span>
     <span class='ocr_line' id='line_1_29' title="bbox 230 2419 612 2464; baseline 0 -9"><span class='ocrx_word' id='word_1_233' title='bbox 230 2421 351 2461; x_wconf 86' lang='lat' dir='ltr'>Hist.‚</span> <span class='ocrx_word' id='word_1_234' title='bbox 373 2421 406 2464; x_wconf 90' lang='grc' dir='ltr'>Ι,</span> <span class='ocrx_word' id='word_1_235' title='bbox 427 2419 509 2464; x_wconf 87' lang='lat'><strong>230,</strong></span> <span class='ocrx_word' id='word_1_236' title='bbox 531 2419 612 2455; x_wconf 85' lang='lat'>231.</span> 
     </span>
    </p>

    <p class='ocr_par' dir='ltr' id='par_1_11' title="bbox 285 2476 1234 2524">
     <span class='ocr_line' id='line_1_30' title="bbox 285 2476 1234 2524; baseline -0.004 -10"><span class='ocrx_word' id='word_1_237' title='bbox 285 2480 311 2499; x_wconf 84' lang='lat'>¹¹</span> <span class='ocrx_word' id='word_1_238' title='bbox 367 2479 528 2520; x_wconf 81' lang='lat' dir='ltr'>Chron.‚</span> <span class='ocrx_word' id='word_1_239' title='bbox 550 2480 578 2523; x_wconf 83' lang='lat'>1,</span> <span class='ocrx_word' id='word_1_240' title='bbox 599 2478 680 2524; x_wconf 86' lang='lat'>363;</span> <span class='ocrx_word' id='word_1_241' title='bbox 704 2478 999 2521; x_wconf 71' lang='lat' dir='ltr'>ORLANDmUS,</span> <span class='ocrx_word' id='word_1_242' title='bbox 1023 2476 1084 2520; x_wconf 88' lang='lat' dir='ltr'>IX,</span> <span class='ocrx_word' id='word_1_243' title='bbox 1106 2477 1140 2522; x_wconf 84' lang='lat'>63</span> <span class='ocrx_word' id='word_1_244' title='bbox 1160 2484 1234 2511; x_wconf 85' lang='lat' dir='ltr'>etc.</span> 
     </span>
    </p>

    <p class='ocr_par' dir='ltr' id='par_1_12' title="bbox 283 2538 952 2582">
     <span class='ocr_line' id='line_1_31' title="bbox 283 2538 952 2582; baseline -0.001 -10"><span class='ocrx_word' id='word_1_245' title='bbox 283 2538 310 2557; x_wconf 82' lang='lat'>¹²</span> <span class='ocrx_word' id='word_1_246' title='bbox 363 2538 491 2582; x_wconf 79' lang='lat' dir='ltr'>Epist.</span> <span class='ocrx_word' id='word_1_247' title='bbox 512 2539 590 2571; x_wconf 89' lang='lat' dir='ltr'>PP.</span> <span class='ocrx_word' id='word_1_248' title='bbox 615 2539 812 2579; x_wconf 71' lang='grc' dir='ltr'>Βνοὲίὶ...,</span> <span class='ocrx_word' id='word_1_249' title='bbox 838 2548 872 2581; x_wconf 90' lang='lat' dir='ltr'>p.</span> <span class='ocrx_word' id='word_1_250' title='bbox 895 2545 952 2580; x_wconf 86' lang='lat'>42.</span> 
     </span>
    </p>

    <p class='ocr_par' dir='ltr' id='par_1_13' title="bbox 283 2597 1134 2644">
     <span class='ocr_line' id='line_1_32' title="bbox 283 2597 1134 2644; baseline -0.002 -11"><span class='ocrx_word' id='word_1_251' title='bbox 283 2599 311 2618; x_wconf 78' lang='lat'>¹³</span> <span class='ocrx_word' id='word_1_252' title='bbox 361 2598 479 2641; x_wconf 81' lang='lat' dir='ltr'>Infra,</span> <span class='ocrx_word' id='word_1_253' title='bbox 501 2599 614 2644; x_wconf 88' lang='lat' dir='ltr'>epist.</span> <span class='ocrx_word' id='word_1_254' title='bbox 641 2599 717 2641; x_wconf 80' lang='lat'>108,</span> <span class='ocrx_word' id='word_1_255' title='bbox 739 2609 827 2632; x_wconf 90' lang='lat' dir='ltr'>cum</span> <span class='ocrx_word' id='word_1_256' title='bbox 847 2603 978 2632; x_wconf 90' lang='lat' dir='ltr'>annot.</span> <span class='ocrx_word' id='word_1_257' title='bbox 996 2607 1016 2641; x_wconf 90' lang='grc'>5</span> <span class='ocrx_word' id='word_1_258' title='bbox 1037 2601 1076 2630; x_wconf 90' lang='lat' dir='ltr'>et</span> <span class='ocrx_word' id='word_1_259' title='bbox 1095 2597 1134 2631; x_wconf 84' lang='lat'>6.</span> 
     </span>
    </p>

    <p class='ocr_par' dir='ltr' id='par_1_14' title="bbox 285 2652 1766 2703">
     <span class='ocr_line' id='line_1_33' title="bbox 285 2652 1766 2703; baseline -0.001 -11"><span class='ocrx_word' id='word_1_260' title='bbox 285 2658 310 2676; x_wconf 72' lang='lat'>¹⁴</span> <span class='ocrx_word' id='word_1_261' title='bbox 361 2657 420 2692; x_wconf 87' lang='lat' dir='ltr'>Cf.</span> <span class='ocrx_word' id='word_1_262' title='bbox 439 2658 618 2691; x_wconf 71' lang='lat' dir='ltr'>Monam.</span> <span class='ocrx_word' id='word_1_263' title='bbox 640 2658 790 2703; x_wconf 65' lang='lat' dir='ltr'>Ignat„</span> <span class='ocrx_word' id='word_1_264' title='bbox 812 2667 886 2691; x_wconf 89' lang='lat' dir='ltr'>ser.</span> <span class='ocrx_word' id='word_1_265' title='bbox 913 2656 975 2700; x_wconf 79' lang='lat'>1.⁸,</span> <span class='ocrx_word' id='word_1_266' title='bbox 997 2656 1046 2699; x_wconf 91' lang='lat'>11,</span> <span class='ocrx_word' id='word_1_267' title='bbox 1068 2653 1149 2698; x_wconf 83' lang='lat'>371,</span> <span class='ocrx_word' id='word_1_268' title='bbox 1171 2653 1252 2697; x_wconf 84' lang='lat'><strong>372,</strong></span> <span class='ocrx_word' id='word_1_269' title='bbox 1275 2652 1357 2699; x_wconf 83' lang='lat'>373;</span> <span class='ocrx_word' id='word_1_270' title='bbox 1379 2660 1416 2688; x_wconf 92' lang='lat' dir='ltr'>et</span> <span class='ocrx_word' id='word_1_271' title='bbox 1438 2653 1598 2696; x_wconf 65' lang='lat' dir='ltr'>Chron„</span> <span class='ocrx_word' id='word_1_272' title='bbox 1621 2655 1686 2697; x_wconf 83' lang='lat' dir='ltr'>Vl,</span> <span class='ocrx_word' id='word_1_273' title='bbox 1708 2666 1766 2699; x_wconf 86' lang='lat'>40.</span> 
     </span>
    </p>

    <p class='ocr_par' dir='ltr' id='par_1_15' title="bbox 283 2711 1540 2760">
     <span class='ocr_line' id='line_1_34' title="bbox 283 2711 1540 2760; baseline -0.002 -10"><span class='ocrx_word' id='word_1_274' title='bbox 283 2716 310 2734; x_wconf 70' lang='lat'>¹⁵</span> <span class='ocrx_word' id='word_1_275' title='bbox 364 2715 522 2757; x_wconf 77' lang='lat' dir='ltr'>Chron.,</span> <span class='ocrx_word' id='word_1_276' title='bbox 548 2717 595 2759; x_wconf 89' lang='lat'>11,</span> <span class='ocrx_word' id='word_1_277' title='bbox 620 2715 790 2760; x_wconf 76' lang='lat'>427-4283</span> <span class='ocrx_word' id='word_1_278' title='bbox 814 2715 996 2749; x_wconf 68' lang='lat' dir='ltr'>Monam.</span> <span class='ocrx_word' id='word_1_279' title='bbox 1015 2713 1164 2758; x_wconf 66' lang='lat' dir='ltr'>Ignat„</span> <span class='ocrx_word' id='word_1_280' title='bbox 1187 2724 1261 2746; x_wconf 88' lang='lat' dir='ltr'>ser.</span> <span class='ocrx_word' id='word_1_281' title='bbox 1287 2711 1352 2755; x_wconf 78' lang='lat'>1.⁵‚</span> <span class='ocrx_word' id='word_1_282' title='bbox 1373 2712 1438 2757; x_wconf 84' lang='lat' dir='ltr'>IV,</span> <span class='ocrx_word' id='word_1_283' title='bbox 1458 2711 1540 2756; x_wconf 82' lang='lat'>533.</span> 
     </span>
    </p>

    <p class='ocr_par' dir='ltr' id='par_1_16' title="bbox 229 2770 1865 2878">
     <span class='ocr_line' id='line_1_35' title="bbox 284 2770 1865 2820; baseline 0 -12"><span class='ocrx_word' id='word_1_284' title='bbox 284 2774 313 2793; x_wconf 71' lang='lat'>1⁶</span> <span class='ocrx_word' id='word_1_285' title='bbox 362 2775 454 2819; x_wconf 90' lang='lat' dir='ltr'>Jure</span> <span class='ocrx_word' id='word_1_286' title='bbox 473 2775 619 2820; x_wconf 83' lang='lat' dir='ltr'>optimo</span> <span class='ocrx_word' id='word_1_287' title='bbox 637 2774 685 2808; x_wconf 87' lang='lat' dir='ltr'>de</span> <span class='ocrx_word' id='word_1_288' title='bbox 705 2785 751 2808; x_wconf 92' lang='lat' dir='ltr'>eo</span> <span class='ocrx_word' id='word_1_289' title='bbox 773 2774 1033 2809; x_wconf 76' lang='lat' dir='ltr'>SACCHINth:</span> <span class='ocrx_word' id='word_1_290' title='bbox 1051 2772 1116 2806; x_wconf 81' lang='lat' dir='ltr'>«S.</span> <span class='ocrx_word' id='word_1_291' title='bbox 1135 2770 1311 2816; x_wconf 85' lang='lat' dir='ltr'>Ignatius</span> <span class='ocrx_word' id='word_1_292' title='bbox 1329 2782 1510 2816; x_wconf 88' lang='lat' dir='ltr'>capacem</span> <span class='ocrx_word' id='word_1_293' title='bbox 1526 2772 1651 2806; x_wconf 88' lang='lat' dir='ltr'>omnis</span> <span class='ocrx_word' id='word_1_294' title='bbox 1667 2772 1790 2808; x_wconf 88' lang='lat' dir='ltr'>laudis</span> <span class='ocrx_word' id='word_1_295' title='bbox 1810 2773 1865 2809; x_wconf 93' lang='lat' dir='ltr'>in-</span> 
     </span>
     <span class='ocr_line' id='line_1_36' title="bbox 229 2829 1702 2878; baseline -0.001 -11"><span class='ocrx_word' id='word_1_296' title='bbox 229 2832 357 2867; x_wconf 90' lang='lat' dir='ltr'>dolem</span> <span class='ocrx_word' id='word_1_297' title='bbox 378 2838 527 2878; x_wconf 89' lang='lat' dir='ltr'>nactus,</span> <span class='ocrx_word' id='word_1_298' title='bbox 547 2833 594 2867; x_wconf 91' lang='lat' dir='ltr'>ad</span> <span class='ocrx_word' id='word_1_299' title='bbox 613 2843 677 2867; x_wconf 92' lang='lat' dir='ltr'>cor</span> <span class='ocrx_word' id='word_1_300' title='bbox 692 2832 887 2867; x_wconf 86' lang='lat' dir='ltr'>hominem</span> <span class='ocrx_word' id='word_1_301' title='bbox 908 2830 983 2866; x_wconf 85' lang='lat' dir='ltr'>sibi</span> <span class='ocrx_word' id='word_1_302' title='bbox 1004 2830 1277 2865; x_wconf 84' lang='lat' dir='ltr'>formaverat.»</span> <span class='ocrx_word' id='word_1_303' title='bbox 1298 2830 1339 2865; x_wconf 91' lang='grc' dir='ltr'>Ρ.</span> <span class='ocrx_word' id='word_1_304' title='bbox 1362 2829 1429 2873; x_wconf 88' lang='lat' dir='ltr'>IV,</span> <span class='ocrx_word' id='word_1_305' title='bbox 1450 2830 1473 2865; x_wconf 91' lang='lat' dir='ltr'>l.</span> <span class='ocrx_word' id='word_1_306' title='bbox 1496 2830 1565 2876; x_wconf 92' lang='lat' dir='ltr'>IV,</span> <span class='ocrx_word' id='word_1_307' title='bbox 1586 2842 1625 2868; x_wconf 90' lang='lat' dir='ltr'>n.</span> <span class='ocrx_word' id='word_1_308' title='bbox 1648 2839 1702 2874; x_wconf 89' lang='lat'>15.</span> 
     </span>
    </p>

    <p class='ocr_par' dir='ltr' id='par_1_17' title="bbox 284 2889 957 2936">
     <span class='ocr_line' id='line_1_37' title="bbox 284 2889 957 2936; baseline -0.003 -10"><span class='ocrx_word' id='word_1_309' title='bbox 284 2892 311 2911; x_wconf 81' lang='lat'>¹⁷</span> <span class='ocrx_word' id='word_1_310' title='bbox 363 2891 424 2927; x_wconf 89' lang='lat' dir='ltr'>Cf.</span> <span class='ocrx_word' id='word_1_311' title='bbox 448 2892 572 2936; x_wconf 77' lang='lat' dir='ltr'>Epist.</span> <span class='ocrx_word' id='word_1_312' title='bbox 591 2893 637 2926; x_wconf 82' lang='lat' dir='ltr'>P.</span> <span class='ocrx_word' id='word_1_313' title='bbox 656 2891 805 2932; x_wconf 75' lang='lat' dir='ltr'>Nadal,</span> <span class='ocrx_word' id='word_1_314' title='bbox 827 2891 857 2934; x_wconf 89' lang='grc' dir='ltr'>Ι,</span> <span class='ocrx_word' id='word_1_315' title='bbox 881 2889 957 2934; x_wconf 78' lang='lat'>173.</span> 
     </span>
    </p>

    <p class='ocr_par' dir='ltr' id='par_1_18' title="bbox 285 2950 994 2996">
     <span class='ocr_line' id='line_1_38' title="bbox 285 2950 994 2996; baseline 0 -12"><span class='ocrx_word' id='word_1_316' title='bbox 285 2951 313 2969; x_wconf 74' lang='lat'>¹⁸</span> <span class='ocrx_word' id='word_1_317' title='bbox 365 2950 622 2991; x_wconf 57' lang='lat' dir='ltr'>SACCHINU&amp;</span> <span class='ocrx_word' id='word_1_318' title='bbox 645 2962 684 2996; x_wconf 89' lang='lat' dir='ltr'>p.</span> <span class='ocrx_word' id='word_1_319' title='bbox 711 2951 760 2994; x_wconf 93' lang='lat' dir='ltr'>II,</span> <span class='ocrx_word' id='word_1_320' title='bbox 784 2951 808 2984; x_wconf 87' lang='lat'>1.</span> <span class='ocrx_word' id='word_1_321' title='bbox 831 2951 858 2993; x_wconf 93' lang='grc' dir='ltr'>Ι,</span> <span class='ocrx_word' id='word_1_322' title='bbox 881 2961 919 2986; x_wconf 90' lang='lat' dir='ltr'>n.</span> <span class='ocrx_word' id='word_1_323' title='bbox 936 2957 994 2984; x_wconf 91' lang='lat'>22.</span> 
     </span>
    </p>

    <p class='ocr_par' dir='ltr' id='par_1_19' title="bbox 284 3005 1317 3054">
     <span class='ocr_line' id='line_1_39' title="bbox 284 3005 1317 3054; baseline -0.001 -12"><span class='ocrx_word' id='word_1_324' title='bbox 284 3010 313 3028; x_wconf 66' lang='lat'>¹²³</span> <span class='ocrx_word' id='word_1_325' title='bbox 367 3009 479 3043; x_wconf 64' lang='grc' dir='ltr'><em>βαίη.</em></span> <span class='ocrx_word' id='word_1_326' title='bbox 503 3010 699 3049; x_wconf 58' lang='grc' dir='ltr'>Βίοηιιηι.,</span> <span class='ocrx_word' id='word_1_327' title='bbox 721 3009 750 3052; x_wconf 87' lang='grc' dir='ltr'>Ι,</span> <span class='ocrx_word' id='word_1_328' title='bbox 772 3008 854 3054; x_wconf 85' lang='lat'><strong>306;</strong></span> <span class='ocrx_word' id='word_1_329' title='bbox 876 3007 1135 3050; x_wconf 84' lang='lat' dir='ltr'>SACCH1NUS‚</span> <span class='ocrx_word' id='word_1_330' title='bbox 1157 3007 1228 3040; x_wconf 88' lang='lat' dir='ltr'>loc.</span> <span class='ocrx_word' id='word_1_331' title='bbox 1250 3005 1317 3041; x_wconf 86' lang='lat' dir='ltr'>cit.</span> 
     </span>
    </p>
   </div>
  </div>
 </body>
</html>
