1971 3276
234 210 303 235 xvl
745 199 935 234 POLANcr
962 207 1279 234 coMPLEMENTA

188 306 295 341 strae
311 303 415 353 apud
433 286 631 353 principes
652 303 856 352 utriusque
878 304 1005 340 status
1022 304 1117 339 nota
1138 303 1325 347 inuratur,
1344 304 1380 339 et
1397 300 1611 351 perieulum
1630 299 1824 337 schisma·

186 375 234 412 tis
258 374 404 412 idcirco
427 371 619 412 Societati
641 374 846 411 exstitisse
867 375 1110 422 compertum
1136 373 1210 410 sit»
1233 371 1276 407 ⁵⁷.

277 532 352 572 Illa
382 530 592 572 nimirum
624 530 822 572 notanda
852 543 968 584 quae
996 530 1053 572 de
1077 528 1296 584 pecuniis.
1330 528 1553 571 Pecunias
1582 528 1748 584 quippe
1771 529 1825 571 ad

188 607 427 661 collegium
450 621 685 649 romanum
721 605 1040 649 sustinendum
1068 605 1292 648 Polancus
1318 604 1518 659 undique
1537 604 1823 648 sollicitabat.

278 685 333 725 Et
356 683 400 724 in
425 683 477 725 iis
501 682 739 738 angustiis,
764 696 956 725 cernens
979 696 1027 725 se
1051 682 1119 724 vel
1145 681 1289 724 timeri
1314 681 1382 724 vel
1406 681 1573 736 respui,
1602 682 1827 724 Polancus

190 760 502 814 tranquillum,
544 766 856 811 mansuetum,
897 759 1259 814 magnanimum,
1296 759 1571 813 plenumque
1610 757 1828 813 sapientia

188 851 239 879 ac
262 837 416 878 divino
445 836 604 891 spiritu
638 835 841 878 afflatum
877 835 1077 878 ostendit
1111 849 1226 878 sese.
1255 834 1324 877 Fit
1354 835 1398 876 in
1430 834 1650 890 Hispania
1674 848 1830 875 rumor

189 922 342 956 contra
372 913 638 956 electionem
671 912 961 964 Mercuriani,
989 912 1116 967 quasi
1140 927 1193 954 ea
1220 911 1360 954 libere
1394 918 1493 953 acta
1524 925 1614 953 non
1651 910 1824 953 fuisset:

189 990 342 1032 scribit
373 989 526 1033 statim
564 990 789 1032 Polancus
817 988 1070 1044 epistolam,
1109 989 1152 1031 in
1183 1003 1270 1043 qua
1300 1003 1394 1031 rem
1424 987 1623 1044 apprime
1652 994 1826 1042 gestam

190 1074 480 1122 protestatur,
519 1066 771 1120 animisque
805 1065 1091 1108 securitatem
1132 1073 1176 1109 et
1209 1065 1495 1107 concordiam
1529 1063 1740 1106 conciliat
1773 1063 1824 1105 ⁵³.

193 1145 347 1198 Atque
371 1142 415 1184 in
440 1143 534 1185 suis
559 1142 973 1197 Conmzentariolis,
1001 1156 1141 1196 quum
1168 1156 1261 1185 rem
1285 1141 1555 1184 narrandam
1575 1140 1703 1183 istam
1731 1154 1827 1182 sus-

190 1219 318 1275 cipit,
351 1233 403 1261 ea
447 1233 558 1275 pace
589 1226 724 1273 atque
754 1218 893 1260 animi
927 1219 1122 1262 candore
1152 1225 1326 1269 narrat,
1357 1218 1418 1260 ita
1450 1217 1632 1272 «procul
1660 1217 1716 1259 ab
1744 1216 1824 1267 ira,

191 1297 346 1351 procul
370 1297 427 1337 ab
451 1296 600 1347 odio»,
623 1303 671 1337 ut
695 1296 860 1337 nedum
886 1302 1093 1337 auctores
1117 1295 1221 1337 facti
1242 1295 1521 1349 criminetur,
1548 1294 1713 1336 nedum
1737 1294 1828 1348 epi-

193 1375 348 1415 theton
373 1386 580 1428 asperum
599 1380 787 1427 usurpet
812 1372 968 1425 ullum,
990 1385 1036 1414 se
1060 1371 1187 1426 quasi
1211 1372 1266 1413 de
1289 1386 1338 1414 se
1361 1385 1449 1413 non
1474 1377 1686 1426 ageretur
1703 1384 1827 1425 prae-

193 1449 416 1500 termittit,
454 1463 538 1491 nec
568 1463 839 1503 quemquam
874 1449 944 1490 vel
974 1448 1201 1490 levissimo
1235 1448 1404 1490 indicio
1436 1447 1586 1503 signat
1617 1446 1668 1490 ⁵⁹.
1701 1447 1828 1488 Haec

195 1533 390 1580 quantae
415 1526 504 1569 sint
529 1525 726 1578 virtutis,
753 1525 1058 1567 consideranti
1085 1532 1236 1580 pateat
1260 1538 1446 1568 necesse
1469 1530 1553 1567 est.

281 1603 563 1657 Cuperemus
583 1602 712 1656 plane
726 1602 874 1656 justos
893 1615 975 1643 nos
993 1615 1108 1644 esse:
1131 1601 1452 1656 panegyricam
1470 1599 1718 1642 orationem
1738 1613 1827 1641 non

198 1680 452 1735 scribimus,
475 1680 554 1721 sed
576 1678 833 1721 historicam
859 1678 1330 1734 viri.descriptionem;
1358 1679 1481 1721 labes
1498 1677 1616 1719 illius
1639 1676 1830 1720 libenter

195 1755 456 1799 fateremur:
484 1762 551 1797 ast
570 1769 673 1797 eum
696 1756 921 1799 labentem
946 1754 1104 1797 nullibi
1127 1755 1414 1798 offendimus.
1440 1755 1585 1809 Ipsam
1609 1753 1828 1795 maculam

194 1846 326 1886 quam
351 1831 424 1874 alii
448 1839 676 1882 auctores,
704 1831 937 1886 potissime
961 1831 1066 1873 clari
1093 1833 1251 1874 Pastor
1275 1838 1319 1873 et
1343 1830 1526 1873 Astrain
1551 1830 1603 1881 ⁰⁰,
1632 1829 1830 1872 Polanco

194 1908 458 1951 inurendam
486 1915 720 1963 putavere,
748 1922 886 1962 quum
913 1908 1243 1963 imprudentiae
1267 1908 1538 1950 damnarunt
1561 1906 1606 1948 in
1629 1906 1693 1949 eis
1716 1920 1830 1961 quae

193 1993 427 2040 neomysta
445 1985 564 2040 apud
587 1985 749 2027 ducem
775 1985 1027 2028 Florentiae
1051 1984 1161 2039 egit,
1184 1999 1266 2026 nos
1289 1984 1462 2027 diluere
1486 1997 1741 2038 possumus:
1765 1983 1830 2024 id-

193 2076 281 2116 que
305 2062 523 2104 faciemus
546 2063 643 2105 sola
666 2061 922 2104 narratione
952 2068 1186 2117 gestorum
1212 2074 1264 2103 ac
1294 2067 1691 2105 monumentorum
1723 2074 1828 2115 pro-

194 2138 376 2181 latione:

282 2214 321 2268 a)
360 2214 508 2257 Primo
530 2214 753 2267 videlicet,
780 2214 904 2269 cupit
928 2214 1153 2256 Polancus
1176 2213 1404 2256 ducissam
1418 2213 1590 2274 ¹alloqui
1616 2213 1671 2256 de
1696 2213 1830 2255 rebus

195 2290 313 2333 illius
333 2292 525 2334 salutem
546 2291 875 2347 spectantibus:

247 2462 274 2481 ³¹⁷
327 2462 496 2496 Decreta
517 2461 712 2506 Congreg.
736 2461 802 2504 111,
821 2466 911 2495 ante
931 2461 1177 2502 electionem,
1198 2470 1217 2505 5
1237 2461 1292 2504 (in
1311 2461 1382 2495 Ms.
1405 2460 1508 2495 decr.
1535 2463 1606 2505 10),
1626 2472 1663 2495 n.
1689 2468 1743 2497 12:
1769 2460 1830 2494 lu-

194 2522 375 2554 stitutum
399 2520 440 2555 S.
454 2519 512 2566 ].,
535 2519 770 2564 Florentiae,
795 2518 896 2563 1893,
919 2524 945 2553 t.
967 2519 1019 2563 11,
1040 2519 1120 2553 218.
1143 2518 1205 2554 Cf.
1225 2524 1264 2553 et
1282 2530 1320 2555 n.
1347 2526 1400 2564 11,
1417 2530 1460 2553 ac
1480 2519 1605 2553 locum
1633 2518 1830 2553 Examinis

194 2578 240 2612 ad
267 2590 381 2624 quem
410 2583 631 2623 provocant,
670 2578 903 2623 sanguinem
940 2577 1125 2612 videlicet
1160 2578 1444 2623 neophytorum
1476 2578 1729 2612 exhorrentes
1765 2577 1830 2623 qui

196 2637 383 2672 scribunt.

246 2698 275 2717 ⁴³³
326 2697 424 2731 Vide
443 2697 713 2738 SACCHINUM,
734 2708 771 2742 p.
793 2696 863 2739 IV,
882 2697 905 2731 l.
928 2696 959 2738 I,
981 2708 1020 2732 n.
1043 2695 1101 2732 36.
1124 2696 1177 2730 Ea
1197 2695 1362 2741 epistola
1381 2706 1449 2730 nos
1468 2696 1575 2730 latet.

246 2756 275 2775 ⁵⁹
325 2755 439 2797 Infra,
462 2768 498 2802 p.
518 2756 567 2799 II,
593 2755 952 2798 Commentariola,
972 2767 1060 2790 ann.
1086 2754 1189 2799 1573,
1209 2766 1248 2789 n.
1272 2763 1326 2790 12.

240 2815 269 2834 '³⁰
319 2815 427 2849 Prior
443 2815 481 2849 in
501 2815 724 2850 Geschichte
739 2815 810 2850 der
826 2815 988 2860 Papae,
1004 2820 1032 2851 t.
1053 2814 1100 2858 V,
1117 2825 1150 2849 c.
1172 2814 1243 2848 VII
1272 2812 1388 2856 (Edit.
1407 2812 1523 2858 hisp.,
1543 2817 1571 2847 t.
1591 2812 1675 2856 XII,
1694 2824 1729 2858 p.
1751 2817 1827 2859 7o);

194 2874 396 2920 posterior,
418 2875 454 2909 in
474 2886 535 2920 op.
557 2874 638 2917 cit.,
660 2874 689 2916 I,
713 2873 793 2917 582.
817 2874 1063 2909 Arbitrantur
1082 2878 1288 2919 utrumque
1306 2872 1428 2907 fuisse
1446 2871 1494 2906 de
1513 2872 1585 2906 hoc
1604 2871 1762 2906 Polanei
1777 2872 1829 2907 fa-

194 2939 256 2968 cto
280 2933 488 2977 benignius
507 2934 772 2979 loquuturum,
793 2933 825 2967 si
845 2933 973 2968 omnia
991 2932 1225 2967 documenta
1244 2931 1446 2967 novissent
1469 2942 1567 2977 quae
1586 2942 1688 2966 nunc
1706 2931 1830 2977 profe-

193 3002 326 3026 ninus.
