1971 3276
603 226 736 261 EPIST.
763 226 913 271 132.—5
934 228 1127 262 AUGUSTI
1147 229 1234 271 1567
1637 231 1706 272 ⁶45

219 324 475 378 Inscriptio.
503 324 563 367 Al
581 326 717 368 molto
738 327 848 371 Rdo.
880 329 928 371 P.
954 329 1182 373 Giovanni
1208 331 1426 384 Polanco,
1453 330 1597 372 amico
1617 330 1748 372 caris-

128 400 256 455 simo,
283 408 370 442 etc.

903 484 985 535 132

386 602 665 640 POLANCUS
694 605 735 641 P.
764 605 1177 643 CHRISTOPHORO
1204 606 1492 643 RODERICIO

599 707 839 734 FLORENTIA
867 708 886 744 5
914 708 1099 735 AUGUSTI
1130 701 1219 745 1567
1247 702 1271 735 ¹.

123 805 195 833 1-2.
221 797 277 831 De
295 796 462 843 Collegio
474 797 710 845 florentino,
732 803 766 833 et
794 800 841 834 de
859 801 1021 835 aedium
1041 813 1086 835 ac
1104 802 1242 846 templi
1262 802 1386 846 ipsius
1403 802 1662 850 fabrica-3.
1694 803 1751 838 De

382 857 523 900 fratre
546 857 742 893 Ludovz'co
762 871 808 893 ac
826 860 872 894 de
892 860 1088 905 magistro
1098 859 1258 906 Joanne
1278 861 1477 906 Baptista.

218 951 253 981 1.
315 941 447 996 Jhus.
486 941 626 983 Molto
646 942 758 985 Rdo.
779 942 824 983 in
849 943 966 997 Xpo.
998 943 1154 985 padre.
1186 945 1278 985 Pax
1302 944 1486 996 Christi,
1514 952 1600 986 ete.
1629 947 1750 999 Que-

124 1023 192 1058 sta
215 1016 237 1059 ὲ
268 1031 345 1070 per
369 1017 517 1059 auisar
557 1018 612 1060 V.
658 1019 709 1059 R.
746 1032 872 1060 corne
912 1026 1073 1074 questo
1112 1034 1194 1061 suo
1231 1020 1423 1075 collegio
1451 1029 1520 1063 sta
1554 1036 1678 1073 sano;
1705 1029 1751 1065 et

124 1093 208 1135 che
237 1094 470 1136 conforme
501 1095 540 1136 al
570 1094 762 1150 disegno
792 1096 877 1138 che
907 1096 1093 1150 piaceua
1126 1111 1152 1138 a
1184 1105 1338 1138 nostro
1375 1098 1536 1149 Padre,
1566 1098 1622 1139 de
1656 1099 1749 1141 fare

122 1171 206 1211 che
228 1169 273 1211 in
298 1170 405 1225 ogni
429 1170 623 1225 collegio
646 1171 680 1213 si
705 1172 894 1226 leggesi,
923 1172 965 1213 in
992 1173 1125 1214 modo
1150 1174 1233 1214 che
1256 1174 1404 1215 alcuni
1434 1174 1574 1215 nostri
1605 1183 1741 1229 potes·

123 1246 221 1288 sino
251 1246 435 1288 aiutarsi
464 1263 489 1289 o
519 1248 562 1288 in
594 1248 824 1290 humanita
858 1263 884 1289 o
917 1249 961 1290 in
992 1249 1227 1303 filosophia
1258 1264 1284 1290 o
1313 1250 1420 1303 casi,
1454 1252 1511 1291 ho
1542 1259 1745 1305 pensato,

121 1325 206 1366 che
233 1325 352 1365 forse
382 1323 457 1378 qui
486 1324 531 1366 in
555 1324 773 1368 Fiorenza
797 1325 832 1366 si
857 1327 1072 1380 potrebbe
1098 1334 1223 1369 tener
1252 1327 1402 1368 studio
1425 1327 1469 1368 di
1494 1328 1743 1379 humanita;

120 1407 165 1441 et
199 1414 333 1444 senza
363 1401 524 1456 pigliar
549 1401 621 1456 pisi
650 1402 749 1454 sito,
775 1416 858 1444 con
889 1403 1135 1446 solamente
1166 1403 1406 1445 acomodar
1434 1412 1609 1458 questo,
1644 1419 1750 1459 pare

122 1477 327 1532 potriano
354 1478 493 1520 starui
518 1478 632 1520 assai
655 1480 770 1521 bene
792 1479 853 1520 fin
877 1495 901 1521 a
926 1486 1071 1522 trenta
1096 1494 1300 1535 persone.
1330 1481 1385 1521 Et
1408 1481 1556 1535 doppo
1579 1482 1663 1523 che
1685 1481 1749 1523 sia

122 1555 234 1596 fatto
257 1553 287 1595 il
312 1555 433 1605 nido,
460 1554 495 1596 si
518 1555 724 1610 potriano
748 1557 932 1598 mandar
954 1556 981 1596 li
1014 1557 1183 1613 uscelli;
1210 1564 1254 1599 et
1277 1557 1431 1599 denari
1460 1572 1548 1598 non
1574 1572 1749 1600 manca-

120 1645 261 1672 ranno
292 1645 396 1685 qua,
422 1631 642 1686 piacendo
666 1647 690 1673 a
720 1633 860 1682 Iddio‚
889 1647 965 1687 per
988 1633 1028 1674 la
1053 1633 1237 1688 fabrica,
1265 1634 1475 1676 massime
1504 1649 1551 1676 se
1581 1635 1746 1689 potessi

121 1708 255 1751 Mtro.
287 1708 516 1750 Giouanni
541 1707 554 1727 ²
579 1708 750 1751 arriuar
774 1710 834 1750 fin
859 1709 936 1763 qui
959 1724 1033 1763 per
1066 1711 1130 1751 far
1154 1710 1182 1750 il
1212 1711 1402 1765 disegno
1432 1711 1546 1752 delle
1575 1718 1746 1761 stanze,

118 1785 202 1827 che
227 1784 450 1827 habbiano
481 1799 540 1827 un
566 1800 677 1840 poco
700 1786 743 1827 di
767 1787 926 1841 garbo.
954 1787 1009 1828 Et
1033 1787 1067 1828 si
1098 1787 1184 1828 ben
1208 1787 1438 1829 accadessi
1464 1788 1535 1841 poi
1561 1788 1745 1841 mutarsi

117 1861 162 1902 di
184 1868 344 1912 questo
366 1861 451 1903 sito
475 1862 519 1903 in
544 1863 657 1904 altro
677 1862 853 1917 miglior
872 1864 931 1917 (al
952 1865 1039 1907 che
1063 1865 1170 1918 pero
1194 1878 1283 1905 non
1309 1864 1344 1905 si
1366 1865 1478 1906 uede
1495 1864 1745 1919 dispositio-

117 1951 174 1980 ne
203 1937 245 1978 di
279 1939 499 1993 presente)
531 1946 656 1980 tanto
686 1939 762 1994 pit'l
792 1940 1032 1982 uoluntieri
1066 1941 1107 1981 lo
1137 1939 1476 1995 pigliarebbono
1499 1940 1634 1994 quelli
1659 1955 1745 1982 con

117 2013 189 2055 chi
213 2014 248 2056 si
273 2014 456 2058 hauessi
481 2030 505 2057 a
531 2016 622 2058 fare
645 2016 968 2059 comutatione.

208 2102 249 2134 2.
316 2093 516 2146 Apresso
545 2106 623 2146 per
654 2093 718 2134 far
747 2093 787 2134 la
815 2092 967 2135 chiesa
997 2093 1071 2148 pisi
1099 2095 1234 2149 longa
1267 2102 1311 2136 et
1349 2095 1490 2149 larga,
1523 2094 1589 2135 s'e
1618 2107 1749 2148 preso

117 2175 279 2221 questo
305 2167 509 2223 disegnO.
537 2170 722 2223 Quanto
744 2170 829 2211 alla
850 2170 1116 2225 lmguezza,
1142 2172 1226 2213 che
1249 2170 1286 2212 si
1308 2170 1479 2225 piglino
1498 2185 1585 2211 una
1605 2184 1630 2210 o
1654 2172 1742 2211 due

117 2244 330 2298 boteghe‚
371 2246 455 2287 che
494 2246 779 2300 respondono
816 2247 1002 2288 all’altar
1040 2248 1228 2301 grande3
1262 2256 1306 2289 et
1335 2253 1505 2301 quanto
1538 2247 1621 2288 alla
1654 2247 1742 2287 lar—

117 2333 305 2375 guezza,
329 2328 489 2364 metter
508 2322 670 2363 dentro
688 2322 732 2363 di
750 2336 850 2364 essa
872 2323 1023 2365 chiesa
1045 2338 1069 2365 a
1093 2324 1228 2365 modo
1248 2323 1291 2364 di
1310 2324 1480 2378 capelle
1504 2323 1650 2376 quella
1668 2337 1744 2365 en-

118 2404 232 2438 trata
255 2397 370 2440 della
395 2405 521 2452 porta
544 2398 693 2440 insino
717 2399 802 2441 alla
820 2398 1036 2453 sacristia,
1064 2399 1184 2442 doue
1201 2398 1235 2440 si
1256 2399 1485 2453 potessino
1506 2399 1597 2442 fare
1615 2399 1703 2442 due
1720 2413 1747 2440 o

118 2480 185 2514 tre
208 2474 411 2528 cappelle
429 2475 579 2518 buone
597 2488 683 2516 con
704 2470 975 2530 pochissima
993 2489 1138 2529 spesa,
1160 2482 1204 2516 et
1223 2474 1257 2516 si
1277 2475 1333 2516 da
1351 2475 1461 2516 altra
1480 2482 1654 2518 entrata
1673 2489 1746 2517 co-

185 2609 196 2627 ¹
250 2609 305 2642 Ex
324 2609 537 2654 archetypo
556 2609 594 2644 in
613 2609 747 2644 codice
768 2610 894 2655 Epist.
917 2611 1099 2651 Polanci,
1124 2619 1135 2643 1
1160 2610 1241 2655 soh,
1263 2623 1298 2646 n.
1319 2611 1379 2654 60,
1402 2611 1506 2656 prius
1530 2621 1611 2655 492.
1634 2612 1740 2646 Alte—

115 2677 199 2701 rum
219 2666 353 2702 folium
370 2679 505 2712 purum
526 2668 563 2703 in
582 2679 657 2714 quo
676 2669 876 2714 inscriptio
895 2681 981 2704 esse
999 2669 1177 2713 deberet,
1197 2670 1391 2704 abscisum
1411 2676 1484 2714 est3
1508 2670 1576 2704 sed
1592 2672 1738 2705 nullum

114 2723 276 2759 dubium
296 2736 382 2760 esse
403 2726 556 2761 videtur
574 2728 780 2772 quominus
805 2728 851 2762 ad
870 2729 913 2765 P.
935 2728 1254 2774 Christophorum
1279 2729 1540 2773 Rodericium,
1563 2741 1741 2764 romanae

115 2783 339 2828 provinciae
364 2785 641 2829 praepositum,
661 2787 723 2821 cui
755 2787 890 2822 thusca
908 2788 1071 2832 collegia
1096 2789 1282 2833 parebant
1301 2788 1364 2831 (cf.
1392 2788 1504 2833 infra,
1525 2788 1636 2834 epist.
1664 2788 1743 2832 143)

114 2843 202 2879 data
227 2844 391 2879 dicenda
415 2846 478 2890 sit3
499 2852 541 2881 ut
559 2846 658 2880 aliae
682 2857 780 2891 quae
804 2847 1094 2893 subsequuntur
1119 2848 1157 2882 in
1177 2847 1313 2882 eodem
1337 2848 1470 2882 codice
1496 2854 1535 2883 et
1553 2859 1639 2883 cum
1658 2848 1740 2895 qui-

114 2903 186 2938 bus
204 2904 447 2948 agglutinata
467 2910 540 2946 est;
560 2916 655 2950 quas
675 2917 745 2941 nos
764 2906 838 2940 sub
857 2917 921 2940 nn.
947 2905 1011 2950 135
1030 2913 1069 2941 et
1092 2905 1156 2940 136
1175 2918 1257 2953 sqq.
1280 2906 1472 2942 dabimus.

185 2961 198 2981 ²
243 2962 416 3008 joannes
433 2962 653 3007 Tristanus,
667 2964 948 2999 architecturae
964 2964 1124 3010 peritus,
1142 2976 1258 3011 saepe
1274 2966 1311 3000 in
1329 2966 1453 3010 Epist.
1474 2966 1647 3003 Salmer.
1666 2967 1743 3000 lau-

114 3019 239 3055 datus.
264 3020 323 3055 Cf.
348 3022 386 3056 S.
410 3022 554 3056 Franc.
579 3023 748 3068 Borgia,
771 3024 837 3067 IV,
860 3032 940 3067 520.
