1971 3276
289 241 356 275 288
792 240 981 275 POLANcr
1007 249 1325 275 COMPLEMENTA

236 353 280 384 et
311 341 354 383 in
386 341 630 384 uirtutibus
666 355 955 395 progressum
991 341 1155 384 faceret
1187 356 1274 382 non
1306 341 1592 392 mediocrem,
1625 341 1686 382 ita
1711 349 1758 382 ut
1789 341 1843 382 ali

239 420 420 472 quando
444 419 488 460 in
513 426 666 460 nostro
691 418 872 472 templo,
899 418 1005 459 dum
1036 419 1194 460 beatae
1225 417 1427 474 Virginis
1457 417 1678 473 Deiparae
1706 417 1868 472 imagi-

238 511 363 550 nem,
389 495 738 550 flagrantissimo
769 494 919 537 studio
950 508 1001 536 ac
1032 494 1250 549 religione
1280 502 1544 545 ueneratur,
1577 509 1675 538 eam
1704 494 1873 549 specio-

236 572 456 615 sissimam
480 580 523 615 et
548 572 701 613 uiuam
724 578 768 614 et
793 571 908 613 votis
933 578 1212 614 annuentem
1237 571 1320 613 sibi
1346 571 1498 614 uidere
1522 571 1619 613 uisa
1642 571 1712 613 sit.
1739 571 1873 613 Hanc

236 650 487 691 illusionem
513 663 603 690 non
630 647 768 690 fuisse
793 648 1001 702 probauit
1024 656 1234 700 euentus;
1257 662 1356 690 narn
1382 648 1574 703 singulis
1591 647 1800 690 noctibus
1819 649 1874 689 ad

236 726 415 768 diuinas
441 739 596 780 preces
619 725 779 767 mulier
802 725 1037 779 surgebat,
1063 724 1213 766 inania
1238 724 1441 767 demonis
1470 724 1680 768 terricula
1707 731 1752 767 et
1776 739 1872 780 spe-

237 812 331 845 ctra
354 803 558 855 eludens,
586 809 630 844 et
653 815 818 857 corpus
840 801 995 856 flagris
1018 802 1272 852 edomabat,
1305 801 1461 843 ciliciis
1490 809 1622 844 utens
1651 815 1795 856 usque
1818 801 1874 844 ad

238 881 456 932 morbum,
481 880 595 922 adeo
619 887 668 921 ut
690 879 857 921 lectum
881 878 1015 920 etiam
1042 878 1268 920 cilicinum
1293 877 1376 920 sibi
1406 879 1543 920 sterni
1573 886 1773 934 cuperet.
1801 880 1875 935 Je-

234 957 358 1000 iunia
381 971 563 1012 quoque.
588 956 834 999 valetudini
859 956 1156 1010 praeferebat.
1181 956 1253 998 Ad
1282 962 1533 999 extremum
1565 955 1661 998 uoti
1691 969 1874 1010 compos

236 1038 369 1087 facta,
394 1042 437 1077 et
460 1034 504 1075 in
530 1032 789 1075 monialium
815 1032 1082 1075 coenobium
1115 1032 1324 1083 admissa,
1363 1032 1474 1074 uirili
1509 1032 1658 1074 animo
1687 1032 1731 1074 in
1760 1031 1874 1074 chri-

234 1112 377 1153 stiana
397 1120 440 1154 et
460 1110 670 1165 religiosa
691 1109 783 1151 uita
805 1118 1079 1164 perseuerat,
1101 1116 1144 1151 et
1165 1108 1345 1163 quidem
1365 1123 1467 1150 cum
1488 1109 1688 1151 omnium
1706 1109 1874 1151 monia·

234 1189 343 1230 lium
368 1187 679 1230 admiratione.

323 1267 363 1308 8.
431 1264 530 1307 Alia
555 1278 645 1306 non
668 1263 869 1305 dissimili
895 1263 1014 1306 uitae
1037 1277 1220 1318 genere,
1243 1277 1345 1304 cum
1367 1262 1530 1305 nostris
1550 1262 1741 1317 primum
1764 1276 1869 1304 con-

239 1344 357 1386 fessa
392 1343 565 1397 fuisset,
593 1341 655 1384 sic
689 1341 923 1382 immutata
961 1347 1046 1390 est,
1075 1346 1123 1381 ut
1162 1340 1217 1381 ad
1254 1339 1466 1383 moniales
1500 1354 1598 1382 sese
1637 1340 1871 1395 receperit,

237 1422 356 1476 apud
381 1434 492 1474 quas
516 1418 703 1461 nuncin
737 1417 1055 1472 experimentis
1089 1424 1341 1468 exercetur,
1375 1424 1421 1458 ut
1454 1425 1605 1471 postea
1635 1416 1677 1458 in
1709 1430 1850 1459 coeno

240 1497 361 1539 bium
386 1496 663 1539 admittatur.
687 1494 877 1551 Juuenis
902 1501 1131 1549 praeterea
1155 1493 1335 1548 quidam
1367 1493 1718 1548 corruptissimis
1743 1494 1874 1534 mori-

237 1576 336 1628 bus,
364 1574 454 1615 acri
479 1581 628 1615 tamen
652 1571 835 1627 ingenio
861 1570 1105 1626 praeditus,
1128 1572 1233 1612 dum
1253 1570 1393 1612 ambit
1414 1585 1615 1625 uxorem,
1638 1570 1872 1612 consilium

238 1652 345 1707 petit
371 1668 395 1692 a
419 1650 612 1704 quodam
636 1664 690 1692 ex
716 1648 895 1699 nostris;
932 1663 956 1689 a
985 1661 1075 1701 quo
1104 1661 1205 1689 cum
1239 1647 1510 1702 intelligeret
1540 1647 1583 1688 id
1615 1648 1873 1702 neutiquam

234 1728 461 1783 expedire,
490 1741 577 1768 non
605 1734 752 1769 tamen
777 1724 947 1780 optimo
970 1724 1159 1766 consilio
1184 1723 1428 1778 acquieuit.
1455 1724 1571 1766 Cum
1596 1724 1736 1779 igitur
1758 1738 1806 1767 se
1829 1724 1872 1766 in

236 1805 450 1847 maximas
475 1805 628 1846 turbas
646 1802 919 1855 dissidiaque
944 1801 1227 1852 coniecisset,
1257 1801 1552 1843 miserrimam
1579 1801 1698 1843 uitae
1723 1801 1874 1843 condi-

238 1883 424 1935 tionem,
459 1895 547 1922 non
578 1880 730 1922 uxoris
759 1887 835 1920 aut
865 1878 1008 1920 soceri
1037 1878 1117 1921 sed
1147 1892 1228 1919 suo
1266 1878 1375 1919 uitio
1407 1877 1554 1932 coepit
1588 1877 1797 1933 experiri,
1831 1886 1874 1920 et

236 1974 316 2001 sua
340 1967 458 2000 sorte
483 1971 766 2011 nequaquam
790 1963 1035 1997 contentus
1059 1955 1334 2008 indignatur,
1371 1963 1413 1996 et
1450 1954 1533 1996 sibi
1565 1955 1645 2009 ipsi
1677 1955 1872 2009 superbe

234 2044 278 2078 et
302 2042 565 2089 arroganter
590 2033 814 2086 irascitur,
842 2032 962 2086 quod
992 2046 1044 2073 eo
1075 2030 1293 2086 coniugio
1324 2046 1406 2073 suo
1438 2032 1593 2086 generi
1627 2031 1730 2073 fecit
1760 2031 1870 2073 iniu

237 2113 362 2163 riam,
400 2125 544 2165 eoque
574 2109 827 2153 dementiae
858 2107 982 2151 uenit
1014 2115 1061 2149 ut
1095 2108 1150 2150 de
1186 2122 1329 2151 uxore
1364 2108 1613 2151 deserenda
1636 2108 1870 2164 cogitaret,

236 2189 419 2230 domum
447 2187 551 2229 rixis
574 2194 617 2227 et
641 2185 835 2228 dissidiis
858 2184 917 2226 ita
943 2184 1225 2239 perturbans,
1254 2194 1301 2226 ut
1324 2185 1380 2226 ad
1403 2184 1576 2239 gladios
1594 2199 1694 2227 cum
1722 2185 1873 2227 uxoris

239 2266 500 2321 parentibus
523 2264 830 2314 deueniretur;
858 2262 1159 2304 cacodaemon
1188 2261 1345 2316 pocius
1370 2276 1501 2315 quam
1534 2263 1667 2304 homo
1692 2262 1872 2305 uideba-

235 2353 322 2384 tur:
352 2357 492 2395 usque
517 2342 629 2384 adeo
653 2338 940 2381 inexorabilis
963 2352 1013 2379 ac
1037 2337 1333 2392 implacabilis
1356 2338 1645 2380 concordiam
1670 2339 1867 2382 suaden-

237 2420 357 2461 tibus
376 2418 628 2461 resistebat.
651 2415 879 2471 Quocirca
901 2422 1050 2457 noster
1069 2415 1141 2456 ille
1168 2416 1301 2457 Pater
1320 2429 1421 2456 cum
1447 2415 1568 2457 illurn
1592 2416 1755 2458 frustra
1781 2430 1870 2457 mo-

238 2503 379 2545 neret,
407 2504 449 2536 et
474 2496 559 2536 iam
585 2495 640 2536 de
673 2493 769 2536 eius
799 2491 1078 2535 correctione
1101 2492 1378 2545 desperaret,
1413 2492 1646 2546 repentino
1676 2493 1868 2546 quodam

238 2574 395 2614 ardore
421 2572 555 2613 animi
580 2571 899 2623 infiammatus,
922 2568 964 2609 in
989 2570 1105 2610 hanc
1128 2568 1397 2610 sententiam
1416 2569 1635 2623 prorupit,
1664 2569 1757 2612 fieri
1781 2584 1868 2610 non

239 2663 366 2703 posse
392 2648 439 2689 ut
464 2647 615 2689 diuina
638 2646 808 2688 iustitia
826 2645 996 2687 diutius
1015 2651 1182 2686 tantam
1204 2644 1399 2686 hominis
1419 2645 1731 2699 inprobitatem
1757 2647 1867 2687 latu-

238 2741 282 2767 ra
301 2733 435 2776 esset,
458 2725 532 2778 qui
552 2722 854 2778 iniquissimas
873 2720 1154 2763 conditimes
1171 2721 1226 2762 ab
1250 2721 1419 2774 optimo
1438 2736 1595 2764 socero
1612 2722 1867 2764 inhumani-

237 2812 301 2844 ter
326 2810 369 2842 et
393 2800 632 2842 crudeliter
656 2808 923 2852 extorquere
946 2798 1095 2847 uellet,
1122 2797 1200 2838 sed
1225 2797 1419 2839 debitam
1446 2805 1570 2840 tanto
1594 2799 1736 2840 soceri
1760 2813 1863 2853 poe-

237 2892 338 2919 nam
363 2877 639 2931 impendere,
666 2884 710 2918 et
733 2883 810 2916 aut
833 2876 877 2915 in
903 2874 1100 2928 peccatis
1123 2874 1436 2928 occidendum,
1464 2883 1541 2916 aut
1565 2875 1694 2928 graui
1718 2875 1867 2929 aliquo

237 2955 392 2995 morbo
418 2952 692 3007 puniendum
719 2951 973 3005 propediem
1005 2965 1119 2992 esse:
1154 2951 1271 3003 quod
1302 2958 1346 2992 et
1375 2951 1583 3006 contigit:
1612 2965 1713 2993 nam
1738 2960 1865 2995 sexto

235 3038 311 3072 aut
335 3029 526 3084 septimo
555 3027 627 3070 die
655 3027 697 3067 in
733 3027 1000 3069 comitialem
1032 3027 1236 3067 morbum
1272 3026 1444 3077 incidit,
1477 3035 1520 3068 et
1556 3027 1675 3068 uitae
1712 3028 1863 3070 discri-
1896 3074 1907 3078 x

1936 310 1967 332 θ’
