1971 3276
239 228 308 271 034
740 228 931 261 PoLAxC1
959 235 1279 261 coMPLEMENTA

193 329 326 384 gibus
349 327 526 379 detulit3
553 335 597 369 et
623 326 754 369 simul
778 342 803 369 a
827 327 991 369 nostris
1015 326 1141 382 petiit
1161 334 1208 368 ut
1239 327 1283 368 in
1313 327 1823 386 pauperum-commoda

191 418 439 460 expensum
479 404 561 445 sibi
602 404 700 454 soli,
737 411 955 458 quantum
981 402 1091 458 ipsis
1127 403 1370 456 uideretur,
1407 404 1637 447 referrent.
1674 404 1828 458 Itaque

191 482 289 523 eius
315 495 418 524 aere
443 482 681 535 pharmaca
705 481 745 522 el
767 480 997 535 pulmenta
1021 486 1174 535 parata
1197 486 1318 531 sunt,
1345 493 1581 534 quousque
1604 479 1831 536 pontificis

196 558 455 612 benignitas
479 565 522 598 et
547 557 697 612 populi
723 556 895 599 romani
920 556 1156 600 successit.

287 645 356 687 52.
425 633 526 675 Alia
557 634 697 675 multa
728 633 772 674 in
804 634 891 675 hoc
921 647 1089 688 genere
1111 632 1197 674 dici
1228 640 1427 688 possent3
1455 633 1533 676 sed
1561 646 1697 674 unum
1722 632 1831 674 illud

196 710 457 765 adiungam:
476 709 753 752 medicorum
776 710 940 751 iudicio
958 724 1092 764 supra
1112 708 1232 752 mille
1250 710 1461 751 mortales
1481 723 1535 751 eo
1556 711 1674 751 facto
1693 709 1749 751 ab
1767 709 1830 750 in-

193 787 325 828 teritu
347 786 618 838 uindicatos3
643 794 691 828 ut
709 786 881 830 interea
901 786 1101 828 omittam
1122 786 1224 839 (nisi
1246 785 1475 840 prouisum
1497 785 1670 840 fuisset)
1692 800 1830 841 quan-

194 872 286 905 tum
311 863 471 905 ciuitas
506 863 720 906 uniuersa
746 862 877 905 fuerit
914 862 1088 905 aditura
1112 862 1380 918 periculum.
1408 862 1617 904 Paruulis
1649 876 1829 917 quoque

192 939 444 982 infantibus
468 940 512 981 in
532 947 724 982 matrum
751 941 970 994 languore
995 939 1125 982 lactis
1147 938 1355 981 alimonia
1375 939 1619 993 destitutis,
1645 939 1830 981 aliarum

196 1017 421 1059 nutricum
445 1018 778 1072 ‘supplemento
816 1025 1069 1073 opportune
1104 1017 1359 1060 consultum
1391 1023 1473 1059 est.
1513 1016 1733 1059 Curatum
1764 1025 1832 1058 est

190 1094 323 1136 etiam
352 1102 398 1136 ut
426 1094 800 1149 praegnantibus,
828 1094 871 1135 i'n
897 1093 1023 1136 exitu
1056 1093 1192 1144 uitae,
1219 1094 1465 1147 chirurgus
1488 1093 1734 1145 assisteret,
1758 1093 1833 1149 qui

196 1171 345 1212 statim
377 1178 559 1214 exsecto
590 1171 831 1221 cadauere,
868 1171 1086 1213 infantem
1121 1171 1377 1212 extraheret
1411 1169 1749 1225 baptizandum,
1777 1184 1833 1212 ne

201 1263 288 1289 una
312 1261 413 1289 cum
439 1261 626 1302 corpore
649 1247 833 1302 spiritus
850 1247 1069 1290 interiret.

285 1336 355 1378 53.
426 1326 565 1366 Porro
595 1338 785 1378 quorum
821 1333 1021 1367 extrema
1046 1338 1193 1366 rerum
1226 1324 1426 1366 omnium
1460 1330 1553 1366 erat
1584 1322 1750 1377 inopia,
1782 1322 1835 1364 iis

198 1402 372 1457 propria
407 1402 568 1443 domus
600 1402 644 1443 in
679 1402 874 1456 speciem
913 1401 1227 1444 ualetudinarii
1260 1401 1481 1443 instructa
1510 1407 1595 1452 est;
1631 1414 1833 1443 seorsum

198 1487 363 1528 tamen,
390 1478 569 1520 maioris
592 1479 816 1520 commodi
838 1492 1014 1529 caussa,
1036 1477 1144 1519 uiris
1165 1477 1462 1532 foeminisque
1479 1475 1722 1532 dispositis;
1745 1490 1835 1519 non

195 1556 312 1597 enim
345 1555 488 1597 solum
520 1554 731 1605 interdiu,
767 1554 844 1596 sed
879 1560 1030 1605 noctu,
1062 1568 1118 1596 ne
1147 1567 1171 1595 e
1203 1553 1296 1594 uita
1326 1552 1422 1595 sine
1453 1551 1620 1594 uiatico
1643 1551 1834 1594 excede-

199 1640 313 1683 rent,
350 1631 539 1673 ministri
564 1631 802 1684 utrobique
833 1629 980 1672 idonei
1011 1629 1285 1672 assidebant.
1319 1629 1519 1672 Lectulis
1550 1642 1658 1672 uero
1686 1635 1731 1670 et
1760 1642 1835 1670 ne-

196 1709 416 1751 cessariae
440 1707 705 1763 supellectili
724 1707 1050 1761 comparandae
1070 1714 1159 1749 tres
1185 1705 1268 1747 uiri
1293 1705 1472 1748 honesti
1499 1704 1753 1760 praepositi:
1781 1705 1837 1747 ad

198 1785 397 1827 uirorum
423 1784 668 1827 ministeria
694 1783 791 1834 uiri,
818 1783 872 1825 ad
898 1783 1134 1826 mulierum
1155 1783 1392 1833 foeminae,
1420 1781 1613 1824 maxima
1633 1796 1688 1824 ex
1713 1788 1837 1836 parte

196 1862 338 1916 gratis
361 1861 590 1904 adhibitae
614 1870 736 1915 sunt;
763 1874 866 1902 curn
890 1859 1067 1902 interim
1099 1859 1242 1901 nostri
1267 1860 1323 1901 ad
1346 1873 1423 1902 eos
1448 1872 1579 1901 mane
1609 1866 1652 1901 et
1677 1871 1836 1913 uespe-

197 1952 259 1987 re,
296 1952 409 1992 quos
442 1936 644 1978 medicus
677 1936 868 1979 iusserat
905 1936 1030 1978 cibos
1064 1937 1224 1979 afferre
1259 1936 1476 1990 quotidie,
1508 1935 1746 1990 consolari,
1782 1935 1838 1977 ad

195 2014 524 2056 confessionem
550 2013 717 2055 hortari
744 2028 833 2056 non
858 2012 1223 2056 intermitterent.
1253 2013 1365 2054 Illud
1394 2027 1501 2055 uero
1527 2012 1704 2054 silentio
1727 2012 1838 2053 mihi

198 2105 480 2146 nequaquam
507 2090 885 2145 praetereundum
910 2089 1106 2143 uidetur,
1133 2090 1246 2131 duos
1269 2104 1293 2132 e
1319 2089 1498 2141 nostris,
1526 2089 1733 2131 homines
1756 2088 1840 2130 rni-

197 2167 316 2209 nime
341 2167 509 2222 pigros,
535 2181 559 2208 a
587 2168 636 2209 P.
666 2166 721 2208 N.
751 2166 951 2220 generali
975 2166 1178 2209 delectos
1204 2166 1362 2221 fuisse,
1391 2180 1582 2220 quorum
1609 2166 1720 2207 alter
1743 2179 1837 2207 cor-

198 2244 395 2299 poribus,
437 2244 549 2286 alter
587 2243 824 2285 animabus
862 2243 1074 2284 curandis
1109 2257 1210 2285 eum
1245 2242 1552 2300 au[c]toritate
1589 2252 1832 2297 praeesset.

198 2321 351 2374 Itaque
376 2329 423 2361 ut
442 2320 514 2362 ille
538 2333 593 2361 ne
614 2319 774 2375 medici
797 2326 840 2362 et
860 2321 1114 2374 pharmaca,
1140 2319 1245 2370 cibi,
1270 2320 1331 2361 ita
1355 2319 1427 2361 hic
1452 2333 1508 2361 ne
1531 2318 1835 2374 poenitentiae

196 2405 241 2439 et
265 2406 415 2440 cetera
438 2404 718 2439 sacramenta
741 2396 969 2446 deessent,
991 2410 1165 2438 summa
1188 2395 1423 2451 diligentia
1442 2395 1727 2451 prouidebat.
1749 2395 1834 2437 Cu-

198 2481 339 2514 ratum
366 2482 433 2516 est
457 2473 596 2529 igitur
620 2483 667 2514 ut
692 2473 767 2527 qui
791 2473 834 2514 in
868 2472 1244 2515 ualetudinarium
1275 2472 1601 2527 reciperentur,
1629 2471 1838 2526 quamuis

194 2550 312 2591 domi
343 2565 450 2592 suae
489 2549 738 2592 curationis
768 2549 895 2591 initio
927 2548 1251 2591 conscientiam
1285 2549 1558 2604 expiassent,
1594 2548 1755 2590 iterum
1780 2546 1840 2588 ibi

199 2625 490 2668 nihilominus
519 2626 776 2681 expiarent.
809 2626 950 2670 Sacra
979 2639 1087 2668 uero
1127 2625 1439 2667 Eucharistiae
1472 2624 1683 2680 mysteria
1721 2637 1834 2666 con-

199 2716 382 2757 grue-ns,
411 2702 672 2746 mulieribus
695 2702 934 2757 separatim
966 2715 1016 2744 ac
1047 2701 1170 2753 uiris,
1205 2702 1446 2756 praecessit
1475 2701 1669 2743 hortatio
1703 2699 1840 2741 unius

198 2779 424 2833 enostris,
472 2794 526 2822 ex
559 2794 645 2834 qua
679 2786 829 2821 tantus
860 2778 1110 2820 animorum
1151 2785 1300 2820 motus
1338 2784 1405 2821 est
1446 2779 1605 2828 factus,
1641 2791 1729 2818 non
1770 2790 1840 2817 so·

202 2856 290 2896 lum
331 2864 379 2897 ut
414 2856 602 2910 aegroti,
639 2856 716 2898 sed
750 2856 887 2899 ceteri
922 2869 1104 2910 quoque
1142 2854 1218 2909 qui
1241 2855 1444 2908 aderant,
1470 2853 1675 2896 lacrimas
1699 2852 1839 2895 conti-

202 2944 307 2972 nere
341 2945 428 2972 non
466 2940 663 2986 possent.
694 2932 888 2974 Priuatis
918 2931 961 2973 in
985 2931 1187 2984 aedibus,
1212 2930 1356 2973 sicubi
1381 2930 1524 2972 maior
1555 2937 1648 2973 erat
1680 2942 1839 2983 aegro-

201 3006 389 3047 tantium
433 3021 663 3057 numerus,
702 3008 866 3050 nostris
904 3007 1053 3050 cibum
1084 3015 1128 3049 et
1159 3007 1362 3062 potiones
1393 3005 1665 3061 tempestiue
1696 3005 1841 3048 feren·
