1971 3276
287 218 355 252 3³³2
792 219 979 254 PoLANcl
1014 228 1330 255 COMPLEMENTA

239 319 318 360 stri
338 321 378 363 le
399 321 554 363 scuole
572 334 657 362 con
680 328 881 362 sessanta
913 331 952 366 Δ
967 319 1007 363 ‚di
1026 335 1104 376 per
1122 322 1395 365 sostentarui
1414 321 1487 364 doi
1508 322 1703 373 maestri,
1726 330 1769 366 et
1790 338 1876 366 una

238 412 340 439 casa
367 412 442 451 per
475 397 589 439 farui
614 398 654 439 la
684 398 853 440 scuola:
882 406 925 440 et
955 398 1050 440 cosi
1084 406 1244 452 questa
1273 399 1529 453 quaresima
1557 413 1613 441 ne
1642 399 1826 442 diedero
1849 399 1879 440 il

241 489 462 528 possesso,
483 482 526 517 et
545 474 898 516 comminciorno
919 475 946 515 li
971 475 1111 517 nostri
1135 476 1191 518 ad
1214 475 1494 531 insegnarui.
1521 476 1738 531 Alquanti
1757 476 1876 531 gior-

239 550 282 592 ni
306 551 457 593 auanti
482 565 560 605 per
583 565 717 606 opera
740 552 796 594 de
827 551 854 592 li
878 551 1020 597 nostri
1046 551 1089 593 ui
1116 552 1226 595 s'era
1256 553 1509 595 battezzata
1535 567 1623 594 una
1655 560 1777 607 putta
1802 553 1876 595 he-

238 629 359 677 brea,
386 637 430 669 et
458 635 572 670 tutta
596 642 685 669 una
709 628 922 683 fameglia
945 628 1105 670 intiera
1129 636 1258 671 staua
1287 644 1364 684 per
1387 630 1516 672 farlo.

328 715 398 757 25.
466 705 512 745 In
534 704 710 747 Amelia
728 712 773 747 et
791 704 939 746 Tiuoli
959 704 1223 760 parimente,
1239 719 1324 747 con
1344 706 1383 748 le
1401 707 1555 749 scuole
1577 714 1621 748 et
1641 707 1752 748 altre
1774 720 1876 762 ope—

239 796 283 824 re
302 782 343 823 di
369 781 526 833 carita,
553 796 638 824 con
661 782 683 822 l'
702 781 1006 824 aministrarui
1023 796 1047 824 e
1071 782 1360 834 sacramenti,
1388 798 1412 826 e
1435 783 1503 825 col
1524 790 1709 825 trattare
1731 783 1876 838 priua-

239 866 434 902 tamente
457 872 541 901 con
566 859 713 914 quelle
736 858 878 914 genti,
906 859 941 900 si
965 860 1009 901 fa
1034 858 1077 900 in
1104 860 1197 901 loro
1221 860 1363 901 molto
1392 860 1547 914 frutto‚
1567 859 1605 902 si
1630 861 1718 902 che
1743 867 1875 902 tutta-

238 935 309 977 uia
332 935 407 990 pisa
433 943 611 979 restano
634 935 885 979 afettionati
913 935 987 978 alli
1011 936 1167 978 nostri.
1196 936 1366 979 Alcuni
1390 937 1626 978 ch'alcuna
1650 937 1772 979 uolta
1797 951 1876 978 son

236 1013 337 1054 stati
367 1013 593 1064 contrarii,
627 1013 837 1055 temendo
866 1014 950 1055 che
979 1027 1069 1055 non
1099 1013 1162 1068 gli
1187 1013 1458 1056 accaschino
1481 1013 1714 1069 disgratie,
1750 1027 1876 1056 come

238 1090 388 1131 hanno
408 1090 577 1132 ueduto
600 1090 801 1132 accader'
827 1091 881 1132 ad
905 1089 1003 1132 altri
1027 1091 1111 1133 che
1138 1104 1220 1145 pur
1246 1105 1384 1133 erano
1406 1089 1620 1132 contrarii
1638 1091 1722 1132 alla
1746 1091 1878 1133 Com-

239 1166 416 1221 pagnia,
443 1167 594 1208 hanno
623 1174 796 1208 mutato
825 1181 995 1221 parere,
1020 1174 1065 1209 et
1096 1169 1206 1208 hora
1232 1167 1272 1209 la
1296 1167 1596 1219 fauoriscano3
1623 1167 1659 1208 si
1688 1168 1771 1209 che
1801 1181 1876 1222 per

237 1250 394 1296 queste
416 1251 460 1285 et
483 1244 593 1286 altre
618 1244 689 1285 uie
722 1244 750 1284 il
775 1243 970 1298 Signore
994 1251 1111 1286 resta
1140 1244 1311 1286 seruito
1342 1244 1385 1285 di
1411 1244 1544 1286 tirare
1575 1244 1773 1286 all’amor
1796 1258 1878 1285 suo

238 1336 312 1376 per
335 1335 488 1363 mezzo
511 1321 554 1363 di
577 1321 711 1375 quelli
730 1321 845 1363 della
864 1321 1147 1375 Compagnia
1173 1320 1216 1362 in
1244 1321 1348 1362 tutti
1374 1328 1439 1363 tre
1462 1321 1490 1361 li
1515 1321 1676 1376 luoghi
1695 1322 1874 1363 suddet-

237 1399 267 1439 ti
293 1399 427 1441 molte
451 1412 656 1452 persone.
686 1398 958 1452 Preghiamo
986 1399 1093 1438 hora
1121 1398 1224 1439 tutti
1254 1411 1335 1439 sua
1358 1397 1510 1440 diuina
1536 1397 1709 1441 Maesta
1734 1399 1817 1440 che
1841 1399 1875 1440 si

234 1475 372 1529 degni
397 1474 504 1516 farci
536 1474 675 1529 degni
704 1474 990 1516 instrumenti
1023 1474 1137 1517 della
1168 1488 1249 1516 sua
1274 1474 1583 1529 potentissima
1612 1489 1745 1516 mano
1768 1490 1793 1517 a
1814 1476 1874 1516 fin

235 1553 317 1593 che
343 1550 446 1593 resti
470 1564 645 1605 sempre
668 1549 836 1592 seruita
859 1549 901 1591 di
926 1564 1114 1604 operare
1153 1564 1229 1604 per
1253 1558 1411 1604 questa
1440 1564 1521 1592 sua
1552 1550 1732 1592 minima
1756 1551 1875 1593 Con·

237 1628 400 1682 pagnia
429 1627 472 1669 di
502 1627 672 1681 Giessi,
698 1628 946 1690 doupnque
976 1627 1011 1669 si
1043 1626 1175 1678 troni,
1203 1628 1305 1681 quel
1337 1634 1460 1669 tanto
1489 1627 1586 1669 ch'a
1615 1642 1696 1669 sua
1724 1627 1875 1670 diuina

240 1706 409 1747 Maesta
442 1703 633 1759 piacera,
666 1718 691 1745 a
720 1704 867 1755 laude,
895 1705 1065 1746 honore
1101 1719 1125 1746 e
1155 1703 1298 1758 gloria
1327 1717 1427 1745 sua.
1462 1707 1624 1745 Amen.
1656 1703 1711 1745 Di
1736 1705 1877 1745 Roma

236 1781 420 1822 l'vitimo
443 1781 486 1822 di
511 1781 698 1836 Giugno
730 1782 854 1834 1563.

328 1859 412 1900 Per
435 1857 703 1900 comissione
725 1859 795 1899 del
817 1859 868 1900 R.
900 1859 947 1899 P.
975 1866 1153 1899 rettore.
1176 1859 1319 1900 Seruo
1339 1857 1539 1912 indegno
1563 1858 1605 1898 cli
1635 1859 1688 1900 V.
1717 1859 1790 1911 R.,

1154 1936 1392 1977 ToMMAso
1429 1936 1616 1977 RAGGIO
1644 1934 1692 1977 ¹⁰.

330 2012 380 2052 liz
412 2013 627 2066 margine
656 2012 842 2053 ultimae
870 2012 1090 2065 paginae.
1124 2013 1276 2054 Roma.
1315 2012 1384 2064 63.
1422 2012 1469 2053 L'
1502 2011 1658 2053 ultimo
1683 2011 1725 2053 di
1760 2011 1872 2054 Giu-

236 2102 343 2141 gno.
370 2088 613 2131 Semestre.

289 2249 317 2267 ¹⁰
367 2248 535 2282 Thomas
563 2248 735 2292 Raggius
761 2247 933 2290 (Radius)
963 2248 1162 2291 ingressus
1182 2245 1307 2281 fuerat
1326 2248 1364 2281 in
1392 2248 1629 2282 Societatem
1649 2259 1749 2283 anno
1771 2257 1871 2292 1557.

235 2307 294 2342 (ff.
316 2307 440 2352 Epist.
462 2308 507 2343 P.
531 2308 793 2348 Salmerom'e,
825 2307 855 2351 I,
875 2306 956 2350 489.
983 2306 1119 2340 Postea
1140 2307 1177 2340 in
1205 2307 1372 2352 collegio
1392 2308 1531 2341 nolano
1551 2307 1699 2342 litteras
1725 2307 1873 2351 docuit,

236 2366 336 2400 unde
355 2378 455 2401 anno
478 2366 562 2410 1561
585 2366 748 2400 Romam
776 2370 937 2400 vocatus
960 2371 1032 2407 est,
1054 2371 1095 2400 ut
1114 2365 1394 2411 philosophicis
1413 2365 1552 2400 studiis
1579 2377 1733 2411 operam
1754 2365 1871 2401 daret.

238 2425 337 2460 lbid.
362 2425 542 2470 480-481.
568 2426 623 2459 Ex
641 2426 818 2470 catalogo
840 2437 910 2460 ms.
933 2424 1125 2458 «Professi
1148 2425 1262 2459 trium
1286 2430 1502 2467 votorum»,
1524 2431 1676 2459 constat
1695 2425 1873 2459 eumdem

236 2484 515 2528 professionem
535 2484 675 2519 fecisse
694 2484 849 2519 Laureti
868 2493 887 2527 7
909 2483 1034 2518 Martii
1059 2484 1160 2527 1578.
