1971 3276
759 106 778 122 2.

605 200 741 236 Ems‘r.
774 209 947 243 104.—14
975 201 1084 245 Jucn
1116 201 1204 243 1564
1601 202 1670 244 469

89 300 381 351 santissimus3
410 301 490 342 Dei
516 300 760 341 bonitatem
782 308 825 340 et
851 301 1132 342 clementiam
1157 314 1331 353 semper
1356 300 1562 354 cogitans
1587 309 1628 343 et
1654 301 1715 341 lo-

88 391 245 431 quens,
272 377 562 430 corporisque
591 377 769 418 dolores
797 376 1116 418 suauissimum
1141 376 1324 417 calicem
1350 377 1596 430 appellans3
1624 377 1717 418 ani-

87 453 145 494 mi
174 461 323 495 autem
354 467 406 495 ea
441 452 744 506 tranquilitate
775 461 819 494 et
852 453 1119 502 constantia,
1159 461 1207 493 ut
1242 453 1436 494 moriens
1475 467 1715 506 germanos

89 531 246 572 fratres
280 531 584 572 consolaretur
616 538 660 572 et
694 530 962 572 beneficium
998 530 1079 571 sibi
1120 531 1317 573 delatum
1362 531 1596 580 extollens,
1639 544 1716 571 eos

86 606 254 661 optimo
284 606 477 661 largitori
509 608 606 648 Deo
635 607 802 661 gratias
833 621 967 661 agere
991 606 1181 648 iuberet.
1206 607 1376 648 Inuicta
1402 621 1508 649 uero
1533 614 1577 648 et
1602 621 1715 647 nun-

86 698 218 738 quam
242 682 348 725 satis
367 684 544 725 laudata
563 683 752 725 istorum
780 684 920 726 uirtus
952 685 1048 733 fuit,
1076 685 1150 738 qui
1174 699 1198 725 e
1231 684 1320 725 uita
1351 685 1598 726 excedente
1625 685 1713 726 fra-

89 767 153 802 tre
185 760 462 812 charissimo,
497 775 633 815 quum
669 761 825 815 reliqui
861 760 1100 803 lachrimas
1136 776 1222 802 non
1261 770 1480 810 tenerent,
1517 761 1598 815 ipsi
1634 761 1714 802 soli

86 837 417 890 quodammodo
452 839 685 880 marmorei
723 838 1006 880 uidebantur:
1047 846 1216 879 tantum
1249 838 1366 879 enim
1401 838 1525 879 abest
1563 847 1609 879 ut
1645 853 1715 880 ca-

85 926 184 953 sum
220 912 359 963 illum,
397 920 583 956 naturae
616 914 812 969 alioquin
847 916 1076 966 acerbum,
1115 915 1300 957 moleste
1338 916 1520 965 ferrent,
1561 922 1605 956 ut
1642 929 1714 968 po-

88 987 173 1029 tius
206 988 460 1031 inuiderent
492 997 536 1031 et
569 991 828 1033 letarentur.
869 992 1021 1044 Itaque
1054 991 1126 1032 ille
1161 991 1299 1044 major
1330 999 1453 1041 natu,
1488 992 1713 1044 quondam

86 1065 322 1118 patauinae
345 1066 562 1108 ecclesiae
585 1066 944 1120 archipresbiter,
971 1082 1130 1110 serena
1154 1076 1197 1110 et
1221 1069 1307 1109 leta
1333 1068 1443 1109 facie
1467 1068 1643 1108 cuidam
1668 1082 1714 1109 se

84 1143 263 1184 beatum
290 1143 483 1193 uocanti,
510 1143 628 1197 quod
652 1143 712 1184 ita
735 1153 938 1184 sanctum
966 1145 1144 1186 fratrem
1169 1144 1211 1185 in
1237 1145 1372 1186 coelis
1395 1145 1594 1195 haberet,
1625 1146 1713 1185 lmo

85 1233 208 1272 uero,
236 1219 393 1273 inquit,
419 1227 463 1261 et
488 1227 530 1262 te
553 1234 734 1273 quoque
759 1221 936 1262 beatum
962 1220 1033 1261 cui
1055 1222 1302 1263 Leonettus
1335 1236 1423 1262 non
1452 1221 1596 1262 minus
1619 1229 1714 1262 erat

86 1295 220 1337 frater
243 1310 375 1349 quam
401 1296 523 1339 mihi.
552 1298 755 1338 Duorum
775 1297 908 1339 etiam
935 1298 1205 1351 reliquorum
1227 1299 1351 1347 alter,
1377 1312 1463 1338 una
1482 1299 1714 1338 dumtaxat

83 1379 182 1425 post
206 1371 405 1425 germani
432 1372 577 1413 fratris
599 1371 769 1414 obitum
794 1373 918 1426 hora,
946 1375 1119 1416 solitam
1148 1375 1451 1429 philosophiae
1476 1375 1712 1418 lectionem

84 1434 408 1498 audiuitsalter
432 1448 605 1502 logicae
623 1450 819 1490 scholam
844 1450 1016 1501 habuit3
1038 1465 1194 1493 omnes
1212 1451 1374 1492 deinde
1397 1451 1528 1492 simul
1554 1465 1713 1505 uespe-

84 1523 119 1564 ri
144 1524 313 1566 funeris
335 1525 563 1579 exequias,
590 1539 641 1566 ea
665 1540 796 1579 quarn
822 1541 995 1580 semper
1020 1541 1123 1580 prae
1146 1542 1194 1569 se
1215 1528 1406 1569 tulerant
1433 1527 1709 1581 fortitudine,

82 1609 314 1652 ornarunt;
341 1615 456 1654 quae
479 1616 548 1643 res
571 1608 615 1642 et
637 1602 722 1643 illis
744 1603 920 1644 laudem
945 1611 988 1643 et
1007 1604 1203 1646 externis
1221 1604 1428 1644 omnibus
1450 1612 1712 1657 praecepto-

83 1691 180 1717 rum
207 1685 458 1718 nostrorum
485 1678 768 1719 auditoribus
794 1679 1022 1733 ingentem
1047 1680 1386 1722 admirationem
1414 1680 1599 1734 peperit.
1630 1681 1709 1722 At-

85 1753 159 1807 qui
183 1755 293 1796 haec
317 1754 371 1795 de
397 1754 596 1797 mortuis.

170 1843 211 1883 4.
279 1830 370 1884 Qui
394 1833 554 1872 uiuunt
578 1831 684 1872 satis
710 1832 890 1874 fuerunt
921 1833 1139 1874 hactenus
1168 1833 1294 1874 firma
1318 1842 1360 1875 et
1385 1834 1560 1887 integra
1587 1835 1707 1876 uale—

84 1907 254 1957 tudine3
284 1906 436 1960 paucis
469 1915 615 1949 tamen
652 1908 917 1961 quibusdam
953 1909 1164 1963 exceptis,
1200 1924 1310 1963 quos
1345 1911 1475 1964 plane
1509 1910 1711 1953 difficiles

83 1984 225 2024 morbi
248 1983 518 2026 afflixerunt.
547 1985 614 2025 Ex
637 1985 795 2026 horum
820 2000 1007 2026 numero
1038 2000 1153 2027 unus
1185 1987 1266 2027 fuit
1305 1989 1436 2028 Pater
1467 1988 1707 2041 generalis,

81 2059 210 2101 cuius
233 2074 320 2114 ego
346 2060 647 2102 ualetudinem
684 2061 788 2102 solis
810 2063 991 2103 Patrum
1016 2070 1061 2104 et
1088 2064 1271 2104 fratrum
1297 2072 1550 2105 nostrorum
1574 2066 1709 2105 sacri-

82 2135 193 2177 ficiis
215 2143 259 2176 et
283 2136 627 2190 precationibus,
653 2145 696 2179 et
719 2138 774 2178 ab
799 2139 1049 2180 inueterato
1076 2141 1204 2193 malo,
1232 2149 1275 2180 et
1306 2156 1330 2181 a
1356 2142 1484 2181 nouis
1510 2141 1709 2182 iactatio-

81 2212 213 2253 nibus
235 2212 543 2254 confirmatam
567 2214 714 2255 credo,
744 2216 857 2257 Nam
888 2216 923 2256 si
947 2229 998 2257 ea
1029 2230 1261 2258 recensere
1294 2217 1450 2258 uellem
1488 2232 1602 2270 quae
1634 2231 1710 2271 pro

82 2288 178 2330 eius
202 2289 506 2331 incolumitate
530 2291 668 2331 nostri
699 2291 811 2341 Deo,
838 2292 873 2332 si
905 2293 1131 2347 integrum
1162 2293 1204 2334 id
1233 2293 1315 2334 sibi
1349 2293 1521 2343 fuisset,
1549 2295 1710 2335 offerre

85 2366 337 2419 uoluerunt,
366 2379 504 2420 prope
526 2366 818 2418 incredibilia,
845 2376 888 2410 et
917 2377 1063 2411 tamen
1090 2369 1320 2411 uerissime
1344 2370 1601 2412 scriberem.

173 2452 214 2495 5.
274 2444 372 2497 Jam
396 2443 451 2484 de
478 2451 684 2484 uotorum
704 2444 1102 2498 redintegratione,
1125 2446 1180 2488 de
1205 2445 1642 2499 peregrinationibus
1665 2455 1708 2489 et

84 2517 179 2559 aliis
214 2519 469 2560 huiusmodi
503 2518 678 2573 pietatis
710 2528 753 2562 et
784 2521 909 2561 fracti
944 2520 1191 2574 demisique
1224 2520 1358 2561 animi
1392 2521 1564 2570 officiis,
1602 2522 1709 2563 nihil

82 2594 189 2635 noui
212 2594 424 2649 occurrit,
452 2609 534 2638 nec
559 2610 646 2649 ego
670 2595 859 2639 libenter
877 2597 1064 2638 eandem
1090 2596 1267 2650 saepius
1292 2598 1559 2638 cantilenam
1585 2611 1706 2652 repe-

84 2676 143 2712 to.
172 2671 271 2711 Hoc
296 2685 433 2713 unum
455 2671 587 2713 modo
606 2686 695 2713 non
719 2672 983 2725 relinquam3
1008 2686 1084 2726 pro
1107 2672 1289 2713 nouitiis
1307 2673 1587 2728 designatam
1612 2689 1710 2718 esse

82 2746 242 2788 domus
266 2754 436 2801 partem
461 2747 517 2788 ab
549 2748 753 2803 aliorum,
796 2749 943 2802 quoad
977 2749 1071 2789 fieri
1112 2749 1271 2802 potuit,
1309 2750 1528 2791 cubiculis
1564 2765 1706 2793 remo-

84 2830 188 2877 tam,
218 2831 264 2864 ut
293 2824 349 2864 ab
378 2823 721 2878 antiquioribus,
755 2832 972 2878 quantum
1003 2825 1212 2878 expedire
1239 2825 1475 2879 uidebitur,
1507 2841 1706 2869 seorsum

85 2898 257 2942 uiuant.

171 2975 212 3018 6.
279 2976 382 3017 Hoc
406 2976 502 3031 ipso
526 2986 726 3031 tempore
759 2979 913 3018 Patres
943 2977 1202 3019 Ludouicus
1237 2993 1261 3020 a
1294 2980 1526 3031 Codretto,
1553 2988 1596 3022 et
1634 2981 1704 3023 Pi-
