1971 3276
309 228 380 263 306
809 227 997 262 POLANOE
1031 232 1350 261 coMPLEMENTA

263 330 526 373 muneribus
554 328 752 380 inferior,
778 342 881 371 cum
911 343 958 371 se
986 327 1224 372 Societatis
1252 326 1508 369 institutum
1537 325 1663 380 sequi
1692 327 1807 369 uelle
1838 326 1895 368 si-

263 406 538 462 gnificasset,
565 420 590 446 a
612 404 818 460 cognatis
841 403 1080 447 confestim
1104 404 1357 445 abstractus
1387 409 1470 453 est,
1497 409 1541 445 et
1570 408 1785 457 carpento
1808 401 1893 443 im-

263 483 435 538 positus
466 495 554 536 quo
583 481 842 524 meretrices
869 481 1088 535 quaedam
1122 480 1322 521 laruatae
1350 493 1429 521 seu
1459 486 1724 534 personatae
1756 480 1894 523 uehe-

262 560 442 610 bantur,
469 572 581 613 quas
603 558 676 601 ille
703 565 810 599 tunc
841 572 931 599 non
961 555 1166 612 agnouit.
1200 555 1401 599 Retinuit
1432 562 1579 599 tamen
1607 555 1655 597 in
1683 555 1752 598 his
1781 556 1892 598 diffi-

261 634 505 678 cultatibus
527 633 827 690 periculisque
847 633 933 677 Dei
950 632 1230 688 benignitate
1248 631 1562 674 constantiam.
1586 633 1700 675 Nam
1722 631 1892 688 aliquot

261 711 491 754 mensibus
513 726 538 753 a
561 710 826 753 custodibus
853 711 1134 762 obseruatus,
1160 709 1416 764 aliquando,
1443 723 1546 751 cum
1571 723 1710 751 unum
1735 724 1790 753 ex
1813 724 1888 752 no·

259 789 362 831 stris
385 787 661 838 offendisset,
690 787 779 830 Mei
803 786 1148 842 consanguinei,
1178 786 1340 840 inquit,
1362 786 1476 828 dolis
1494 800 1564 828 me
1581 786 1890 829 circumuene-

259 873 380 917 runt3
405 865 500 921 Lego
529 865 684 908 eadem
710 870 805 908 arte
828 864 926 906 illos
951 863 1145 917 eludam,
1186 871 1233 905 ut
1267 878 1348 919 par
1379 863 1471 918 pari
1499 864 1705 906 referam.
1738 864 1892 917 Itaque

258 942 414 998 paucis
436 942 595 985 diebus
618 941 674 983 ad
698 941 922 997 quendam
950 941 1099 983 locum
1124 941 1179 983 ab
1204 940 1288 983 illis
1314 940 1377 984 ire
1401 940 1573 995 jussus,
1601 940 1683 983 iter
1706 953 1892 983 conuer-

259 1019 311 1061 tit
335 1019 390 1060 ad
413 1018 641 1073 quoddam
661 1017 903 1061 Societatis
921 1018 1182 1073 collegium,
1207 1017 1280 1060 ubi
1305 1017 1348 1058 in
1372 1017 1625 1072 praesentia
1644 1016 1761 1059 votis
1779 1031 1892 1059 nun-

258 1095 432 1151 cupatis
451 1094 631 1138 Christo
650 1094 832 1136 domino
853 1094 1009 1149 seruit,
1030 1102 1075 1137 et
1093 1094 1136 1136 in
1154 1093 1314 1137 studiis
1333 1094 1584 1138 litterarum
1606 1101 1788 1137 strenue
1806 1094 1891 1136 ala-

258 1172 483 1227 criterque
509 1178 733 1215 uersatur.

348 1262 418 1302 33.
485 1247 665 1290 Tertius
688 1262 790 1290 cum
809 1247 878 1289 his
897 1247 1074 1289 duobus
1094 1248 1228 1289 facile
1246 1247 1564 1299 conferendus,
1588 1248 1632 1289 in
1653 1248 1786 1289 trium
1810 1247 1889 1289 lin-

257 1339 451 1381 guarum
475 1324 662 1368 scientia
684 1324 818 1367 etiarn
848 1324 1070 1379 superior,
1104 1324 1326 1366 admissus
1355 1332 1421 1366 est
1451 1326 1639 1380 Romae,
1668 1339 1756 1367 una
1784 1338 1887 1366 cum

250 1403 408 1454 alterO,
435 1401 472 1445 si
492 1401 640 1443 minus
665 1401 859 1454 literato,
885 1408 933 1442 ut
956 1400 1032 1455 qui
1056 1408 1357 1443 mercaturam
1383 1403 1533 1445 facere
1556 1401 1885 1452 consueuisset,

193 1463 205 1475 ’
247 1486 446 1521 attamen
476 1480 668 1521 honesto
700 1486 744 1520 et
776 1478 1036 1533 praeclarae
1070 1477 1230 1519 indolis
1261 1478 1565 1520 adolescente.
1599 1479 1668 1520 Ne
1697 1477 1890 1533 singulis

248 1554 536 1599 recensendis
559 1554 729 1597 diutius
753 1554 978 1605 immorer,
1006 1554 1114 1596 nihil
1134 1554 1234 1596 dico
1254 1555 1310 1598 de
1332 1569 1384 1597 ea
1412 1554 1660 1609 diligentia,
1686 1569 1818 1609 quarn
1844 1554 1887 1596 in

250 1631 538 1674 admittendis
570 1631 613 1673 in
644 1631 917 1675 Societatem
947 1631 1207 1673 hominibus
1237 1631 1452 1674 adhibent
1485 1631 1546 1673 illi
1581 1631 1657 1686 qui
1690 1632 1887 1674 interro-

250 1708 386 1764 gandi
421 1708 569 1750 officio
602 1710 876 1763 funguntur,
907 1709 963 1749 P.
1005 1707 1273 1750 Franciscus
1310 1708 1491 1763 Borgia,
1531 1710 1582 1752 Ρ.
1619 1708 1884 1763 Madridius,

254 1788 303 1828 P.
327 1785 503 1829 Strada.
528 1786 633 1839 Quo
652 1785 699 1826 fit
721 1791 770 1826 ut
790 1785 916 1826 multi
936 1784 1247 1839 repudientur,
1275 1792 1319 1827 et
1343 1799 1497 1828 eorum
1518 1784 1593 1840 qui
1613 1785 1762 1828 idonei
1785 1799 1888 1827 cen-

247 1869 426 1912 sentur,
469 1861 670 1916 plerique
705 1861 748 1902 in
784 1861 1105 1917 xenodochiis,
1141 1862 1419 1916 probationis
1452 1876 1600 1915 causa,
1636 1878 1715 1917 per
1748 1876 1886 1907 unum

250 1952 466 1988 mensem,
506 1945 553 1979 ut
588 1937 842 1992 minimum,
878 1944 1221 1981 excerceantur.
1259 1938 1414 1992 Aliqui
1449 1952 1556 1982 uero
1589 1939 1661 1994 pio
1695 1940 1887 1993 quodam

252 2023 352 2056 astu
376 2022 511 2069 atque
536 2021 631 2057 arte
649 2024 891 2068 antequam
920 2013 1278 2065 admittatantur,
1313 2030 1370 2058 ne
1395 2029 1481 2069 qua
1503 2015 1686 2057 leuitate
1710 2023 1888 2058 senten-

254 2091 359 2132 tiam
384 2098 576 2145 mutent‚
603 2098 681 2132 aut
712 2090 767 2132 ab
798 2090 966 2145 optimo
991 2090 1220 2145 proposito
1249 2091 1535 2147 deficiantur,
1565 2099 1772 2134 uotorum
1792 2092 1885 2133 uin-

251 2167 366 2210 culis
390 2182 436 2210 se
460 2167 543 2222 ipsi
567 2167 908 2223 constringunt.
944 2168 1097 2221 Itaque
1121 2168 1176 2209 ab
1201 2167 1387 2210 ineunte
1411 2168 1520 2210 lulio
1550 2183 1694 2223 usque
1724 2169 1780 2211 ad
1805 2171 1889 2210 hoc

251 2252 426 2299 tempus
445 2243 658 2287 Societati
678 2243 890 2298 adscripti
910 2253 1015 2285 sunt
1034 2243 1125 2286 itali
1149 2256 1219 2295 20,
1240 2245 1443 2299 germani
1463 2246 1504 2297 8,
1526 2245 1714 2300 hyberni
1733 2256 1773 2300 5,
1796 2247 1888 2301 gal·

253 2321 281 2362 li
312 2333 378 2374 13.
407 2320 575 2362 Eodem
602 2328 803 2376 tempore
830 2335 884 2364 ex
912 2319 1048 2362 uariis
1070 2320 1271 2376 collegiis
1289 2329 1423 2375 atque
1442 2321 1686 2376 prouinciis
1704 2323 1887 2364 Romam

257 2407 478 2443 uenerunt
503 2401 558 2442 ad
582 2400 653 2443 60.

342 2489 412 2530 34.
481 2476 600 2518 Hinc
626 2490 736 2518 uero
761 2477 814 2519 ad
839 2476 1017 2518 diuersa
1036 2476 1134 2518 loca
1159 2475 1281 2517 missi
1305 2482 1410 2517 sunt
1434 2476 1505 2529 643
1528 2490 1719 2530 quorum
1745 2477 1771 2518 6
1796 2476 1887 2518 Mo-

256 2553 461 2608 guntiam
486 2553 673 2608 profecti
696 2560 818 2605 sunt3
842 2560 1014 2607 praeter
1046 2567 1123 2595 eos
1154 2566 1266 2606 quos
1297 2565 1351 2593 ex
1374 2552 1583 2594 Flandria
1607 2553 1764 2596 eodem
1789 2568 1888 2608 pro—

255 2629 459 2671 uincialis
498 2629 775 2672 amandauit.
804 2628 1081 2683 Accepimus
1112 2628 1247 2670 huius
1281 2628 1386 2670 noui
1418 2628 1595 2683 collegii
1622 2642 1692 2671 res
1721 2629 1764 2670 in
1794 2629 1890 2672 dies

257 2706 415 2760 augeri
438 2713 481 2749 et
505 2705 782 2760 amplificari,
818 2713 865 2747 ut
895 2719 1109 2760 magnum
1140 2705 1492 2747 emolumentum
1526 2713 1569 2746 et
1603 2705 1885 2746 commodum

257 2796 310 2824 ex
340 2796 393 2825 eo
423 2782 502 2823 toti
531 2781 803 2824 Germaniae
834 2790 1159 2836 prouenturum
1184 2788 1406 2835 speretur.
1439 2780 1644 2823 Aliorum
1681 2795 1786 2822 uero
1820 2785 1887 2834 (ut

255 2871 423 2899 nouum
464 2858 641 2901 Siciliae
680 2857 999 2913 prouincialem
1041 2857 1258 2911 omittam)
1280 2856 1312 2876 ¹³
1340 2857 1518 2911 quidam
1547 2865 1741 2900 rectores
1765 2857 1887 2899 missi

310 3022 336 3041 ¹³
389 3021 640 3056 provincialis
660 3021 816 3056 Siciliae
835 3023 883 3055 ob
902 3021 1116 3055 discessum
1134 3021 1175 3054 Ρ.
1194 3020 1423 3065 Hieronymi
1444 3021 1668 3055 Domenech
1688 3021 1726 3056 in
1746 3022 1885 3066 Hispa-
