1971 3276
296 219 365 263 324
808 218 995 253 PoLANCl
1023 227 1338 253 COMPLEMENTA

340 334 405 375 13.
474 321 637 363 Adhuc
662 335 713 363 ea
736 319 826 361 dixi
852 333 966 373 quae
990 320 1045 361 ad
1078 318 1298 374 priuatam
1328 327 1584 360 nostrorum
1625 319 1809 359 fratrum
1835 325 1880 360 et
1922 314 1943 331 ’

249 399 366 442 uitae
396 406 438 440 et
469 397 719 439 studiorum
755 397 971 438 rationem
1007 396 1246 451 pertinent3
1286 410 1468 450 pergam
1502 409 1623 436 nunc
1656 395 1880 450 explicare

246 490 360 530 quae
384 482 489 517 sunt
509 489 585 529 per
610 481 787 515 nostros
810 487 864 514 ex
889 473 1112 527 frequenti
1133 479 1517 515 sacramentorum
1536 471 1879 514 administratio-

246 568 319 607 ne,
347 551 735 605 concionandique
759 564 962 601 munere,
990 550 1045 591 ad
1068 549 1177 592 alios
1208 550 1407 603 profecta
1436 549 1685 604 commoda,
1715 555 1881 602 quanta

246 630 341 673 fieri
367 628 591 670 breuitate
610 627 788 682 poterit:
816 627 967 668 nullus
990 626 1108 667 enim
1127 632 1245 668 esset
1265 625 1511 667 litterarum
1530 626 1706 679 modus,
1728 625 1763 667 si
1783 640 1881 680 per-

247 706 373 760 sequi
398 705 578 759 singula
598 718 801 754 conarer,
828 717 943 757 quae
976 703 1047 745 uel
1077 703 1122 744 in
1152 702 1388 745 audiendis
1410 701 1784 755 confessionibus,
1811 702 1882 745 uel
1945 747 1949 751 k

248 782 570 838 piscationibus
594 783 720 835 (quas
744 780 804 822 ita
828 794 950 821 more
976 787 1130 821 nostro
1154 793 1319 821 uocare
1342 779 1482 834 libet),
1511 779 1581 821 uel
1611 779 1654 820 in
1683 779 1879 821 carceri-

248 860 349 910 bus,
383 858 556 913 plateis,
595 857 734 913 agris,
769 856 982 912 proximis
1007 855 1199 912 oppidis,
1225 857 1297 898 uel
1331 856 1447 898 inter
1479 855 1875 911 peregrinandum,

250 944 378 991 gesta
403 935 565 991 passim
594 936 794 977 fuerunt.
828 934 1048 989 Colligam
1080 932 1319 988 praecipua
1349 934 1510 984 solum,
1537 940 1581 975 et
1611 947 1785 974 summa
1809 947 1880 975 ca-

250 1013 356 1068 pita.

343 1102 408 1141 14.
477 1090 627 1142 thue
657 1102 681 1129 a
710 1087 1008 1129 confessionis
1046 1094 1090 1130 et
1125 1085 1438 1128 Eucharistiae
1460 1086 1750 1129 sacramentis
1773 1085 1880 1127 inci·

250 1165 386 1220 piam,
409 1165 637 1220 colligitur
661 1179 716 1207 ex
739 1164 807 1205 his
828 1164 1001 1205 fructus
1021 1178 1110 1205 non
1129 1163 1383 1214 mediocris,
1406 1176 1509 1204 cum
1529 1163 1695 1204 multos
1718 1162 1762 1204 in
1786 1162 1881 1204 dies

249 1256 485 1284 cernamus
522 1241 658 1283 uitam
694 1239 1044 1294 corruptissimis
1079 1240 1368 1294 deprauatam
1408 1239 1608 1280 moribus
1641 1238 1685 1280 in
1722 1238 1881 1280 melius

250 1326 438 1368 mutare,
466 1325 509 1359 et
533 1332 687 1360 eorum
719 1330 956 1358 numerum
987 1330 1079 1358 non
1110 1330 1266 1371 parum
1297 1315 1454 1370 augeri
1485 1315 1558 1369 qui
1591 1317 1703 1357 haec
1735 1329 1880 1357 sacra-

248 1404 397 1439 menta
423 1397 711 1449 frequentare
741 1394 901 1444 solent3
929 1400 974 1435 et
1003 1392 1071 1434 his
1101 1392 1281 1446 quidem
1319 1392 1443 1435 festis
1472 1392 1700 1443 natalitiis,
1728 1392 1803 1447 qui
1827 1393 1882 1434 ad

248 1486 445 1514 mensam
470 1470 739 1513 dominicam
764 1477 1054 1512 accesserunt
1074 1468 1297 1511 numerati
1315 1475 1420 1510 sunt
1445 1469 1594 1523 plures
1617 1483 1750 1523 quam
1774 1483 1877 1524 900.

249 1549 320 1591 Ad
345 1548 651 1591 confessiones
676 1560 784 1588 uero
815 1554 967 1588 tantus
999 1548 1146 1588 factus
1175 1553 1242 1587 est
1274 1545 1507 1587 hominum
1539 1559 1805 1599 concursus,
1833 1553 1882 1587 ut

248 1625 419 1668 etiamsi
451 1625 503 1667 iis
532 1639 723 1678 quorum
749 1631 816 1665 est
841 1623 1132 1678 praecipuum
1170 1631 1214 1665 et
1253 1623 1533 1677 frequentius
1556 1622 1879 1665 audiendarum

246 1702 580 1745 confessionum
605 1715 786 1753 munus,
815 1699 940 1742 multi
965 1715 1019 1743 ex
1045 1699 1184 1741 nostri
1211 1698 1393 1754 collegii
1423 1698 1735 1743 sacerdotibus
1758 1698 1879 1741 addi-

249 1779 279 1820 ti
304 1786 470 1828 essent,
499 1785 648 1820 tantae
674 1785 824 1820 tamen
846 1776 1124 1818 multitudini
1151 1790 1239 1817 non
1259 1776 1533 1818 sufficerent.
1562 1777 1608 1817 In
1634 1790 1722 1830 quo
1746 1790 1881 1831 gene-

249 1870 294 1897 re
318 1855 426 1896 nihil
450 1854 595 1896 dicam
619 1855 674 1896 de
700 1853 931 1895 restinctis
956 1853 1197 1894 multorum
1222 1852 1351 1905 odiis,
1378 1852 1491 1894 nihil
1514 1853 1570 1895 de
1593 1852 1883 1895 restitutioni-

250 1932 350 1986 bus,
379 1932 490 1972 nihil
509 1932 563 1973 de
587 1938 763 1972 mutato
789 1930 933 1985 turpis
959 1929 1079 1972 uitae
1108 1929 1333 1984 instituto,
1366 1928 1473 1970 nihil
1502 1929 1558 1971 de
1587 1928 1639 1971 iis
1667 1928 1743 1983 qui
1766 1931 1881 1970 mul—

251 2016 396 2050 torum
422 2021 641 2050 annorum
675 2008 743 2049 uel
777 2007 913 2048 totius
946 2006 1064 2048 uitae
1095 2005 1279 2048 crimina
1312 2005 1506 2048 confessi
1537 2013 1659 2048 sunt.
1691 2007 1785 2049 Nec
1815 2013 1882 2049 est

250 2085 428 2127 difficile
450 2083 705 2125 existimare
728 2083 772 2124 in
799 2090 923 2124 tanto
948 2082 1184 2123 hominum
1213 2096 1416 2132 numero,
1442 2081 1485 2123 in
1518 2089 1606 2123 tam
1639 2082 1774 2124 uariis
1797 2097 1879 2124 na-

251 2161 463 2212 tionibus,
490 2161 534 2202 in
559 2168 623 2201 tot
647 2159 895 2210 ordinibus,
923 2159 997 2213 qui
1022 2159 1078 2201 ad
1102 2173 1183 2200 nos
1202 2159 1431 2201 confluere
1453 2158 1615 2209 solent,
1642 2172 1731 2199 non
1755 2159 1880 2201 dees-

250 2253 297 2281 se
321 2238 524 2292 exempla
548 2236 711 2292 quibus
735 2236 916 2278 diuinae
941 2235 1162 2290 largitatis
1186 2249 1371 2277 munera
1400 2235 1446 2276 in
1472 2235 1637 2277 multos
1660 2235 1882 2278 declarata

251 2315 354 2357 sint.
382 2316 532 2357 Vnum
557 2314 672 2357 inter
697 2313 781 2355 alia
806 2314 891 2354 hoc
915 2313 1013 2354 loco
1039 2313 1226 2355 referam
1255 2311 1336 2355 Dei
1360 2311 1590 2367 singulare
1612 2311 1879 2354 beneficium

249 2393 291 2433 in
317 2391 556 2446 quemdam
580 2390 911 2432 adolescentem
938 2388 1028 2443 qui,
1053 2402 1156 2430 cum
1187 2388 1405 2431 castitatis
1437 2395 1592 2430 uotum
1617 2402 1706 2442 quo
1729 2403 1776 2430 se
1799 2389 1879 2429 ob-

249 2468 488 2511 strinxerat
507 2468 734 2521 uiolasset,
764 2468 849 2507 hoc
873 2465 1007 2507 etiam
1032 2464 1191 2508 sceleri
1216 2464 1279 2517 (in
1298 2464 1351 2506 iis
1373 2472 1467 2507 erat
1487 2465 1649 2507 mentis
1669 2464 1881 2517 tenebris)

250 2547 396 2588 scelus
419 2544 669 2594 addiderat,
698 2550 746 2584 ut
778 2557 856 2596 per
880 2541 1111 2596 integrum
1139 2555 1325 2594 annum,
1352 2541 1526 2582 caelato
1549 2541 1751 2592 crimine,
1778 2555 1880 2583 con-

251 2621 458 2663 fessionis
482 2629 525 2664 et
550 2619 880 2669 Eucharistiae,
909 2632 999 2660 non
1031 2619 1167 2660 semel
1194 2625 1271 2659 aut
1301 2617 1479 2671 iterum,
1503 2618 1580 2660 sed
1604 2617 1880 2672 saepissime,

251 2706 579 2740 sacramentum
604 2695 840 2750 sacrilegio
872 2695 1100 2749 uiolasset,
1129 2701 1178 2736 ut
1210 2694 1416 2737 liberiore
1446 2694 1626 2737 licentia
1654 2695 1882 2750 improbae

255 2773 389 2815 animi
412 2773 599 2824 libidini,
632 2773 668 2815 si
701 2787 789 2814 rem
821 2772 939 2827 apud
973 2771 1251 2814 sacerdotem
1288 2785 1377 2812 non
1408 2771 1616 2825 aperiret,
1648 2771 1882 2825 indulgere

256 2857 424 2904 posset.
458 2851 523 2891 Eo
546 2850 741 2904 denique
767 2863 893 2890 mens
918 2848 1150 2900 scelerata,
1175 2853 1310 2900 atque
1343 2847 1455 2888 adeo
1484 2861 1651 2890 uesana
1679 2846 1879 2897 deuenit,

256 2933 302 2967 ut
321 2934 363 2969 et
387 2940 549 2980 corpus
572 2934 614 2968 et
639 2926 832 2968 animam
858 2925 943 2967 iarn
976 2923 1181 2968 daemoni
1212 2923 1489 2977 deuouisset,
1518 2923 1593 2978 qui
1626 2924 1880 2978 frequenter

256 3002 403 3056 specie
429 3002 615 3056 pulchra
634 3009 677 3043 et
700 3001 897 3056 eleganti
929 3001 988 3041 illi
1019 3014 1067 3042 se
1094 2999 1337 3042 uidendum
1363 3000 1621 3053 praebebat3
1648 3014 1735 3053 qua
1758 3014 1812 3042 ex
1837 3013 1881 3041 re
