1971 3276
621 208 758 242 EprsT.
796 206 941 242 128.-1
969 205 1170 251 JANUARH
1195 205 1281 247 1567
1657 203 1726 246 635

142 310 279 360 tibus,
315 308 474 352 ceteris
498 307 539 348 in
581 308 715 350 rebus
739 308 989 349 conductae
1019 305 1160 360 pretio
1190 306 1410 347 foeminae
1441 304 1770 347 ministrabant.

230 396 299 439 54.
368 384 417 426 In
441 383 714 439 sepeliendis
739 383 927 425 mortuis
953 382 1068 435 (siue
1098 383 1211 425 forte
1235 381 1355 435 quod
1385 381 1594 422 curiones
1624 380 1772 421 multi-

139 461 283 503 tudini
308 476 396 503 non
421 461 701 510 sufficerent,
728 460 825 501 siue
849 459 934 500 alia
958 459 1118 513 quauis
1141 459 1196 500 de
1219 458 1392 511 caussa)
1413 458 1542 499 ualde
1565 472 1588 498 a
1612 456 1772 512 princi-

139 539 212 593 pio
237 539 486 580 laboratum
510 546 593 587 est;
621 536 731 578 adeo
756 543 804 577 ut
828 537 911 578 sub
935 535 1064 577 tectis
1094 535 1307 587 iacerent,
1343 535 1597 589 complures
1627 548 1768 588 quan-

138 615 291 668 doque
313 614 424 668 dies,
455 613 678 668 insepulta
709 613 948 663 cadauera3
981 626 1170 667 quorum
1197 613 1342 653 foetor
1371 611 1466 666 ipse
1489 626 1566 666 per
1595 624 1642 653 se
1672 624 1773 652 coe-

140 691 230 732 lum
255 691 437 733 inficere
460 698 624 745 posset.
651 689 825 732 Deinde
850 698 999 730 actum
1025 698 1093 732 est
1117 702 1218 730 cum
1250 687 1485 730 sodalitate
1516 701 1630 742 quae
1656 688 1773 729 Mor-

140 766 194 808 tis
219 773 423 817 uocatur,
451 773 500 807 ut
523 766 700 808 solitam
726 781 780 809 ex
805 765 946 820 ipsius
977 765 1200 815 instituto,
1227 772 1270 807 et
1300 765 1548 807 condendis
1578 763 1772 818 corpori-

141 843 240 894 bus,
266 851 310 885 et
334 842 530 898 aegrotis
554 857 642 897 quo
665 857 778 898 opus
802 850 921 884 esset
947 842 1268 885 transferendis
1292 856 1470 896 operam
1494 841 1635 883 daret.

229 929 300 973 55.
368 920 433 961 Ex
456 920 647 975 collegio
672 927 822 962 autem
847 919 1105 974 germanico
1124 918 1296 960 nobiles
1315 917 1495 972 quidam
1515 918 1775 960 adolescen-

140 1003 207 1037 tes
225 995 334 1037 illud
353 996 435 1038 sibi
455 996 603 1038 oneris
621 998 993 1051 depoposcerant‚
1010 1004 1055 1037 ut
1076 995 1152 1036 ubi
1170 995 1270 1049 quis
1288 1001 1554 1044 moreretur,
1577 994 1773 1035 animad-

144 1079 387 1127 uerterent,
410 1072 665 1128 paratisque
685 1073 739 1114 ad
757 1087 854 1114 eam
880 1087 970 1114 rem
994 1072 1221 1114 funalibus
1239 1071 1395 1121 cereis,
1423 1072 1559 1112 funus
1583 1070 1665 1125 ipsi
1689 1084 1770 1112 co-

141 1149 446 1193 honestarent.
487 1150 541 1191 Et
577 1148 787 1203 quoniam
826 1148 952 1203 primi
986 1156 1156 1203 septem
1191 1160 1354 1190 octoue
1386 1147 1562 1200 diebus,
1600 1161 1656 1188 ne
1688 1148 1773 1188 hoc

140 1227 285 1280 ipsum
309 1225 489 1280 quidem
514 1233 609 1267 erat
632 1225 755 1280 satis,
785 1225 920 1267 nostri
942 1238 1266 1279 saepenumero
1286 1224 1357 1267 uel
1376 1223 1616 1265 humandis
1634 1223 1771 1265 cada·

140 1301 338 1356 neribus,
367 1304 435 1344 uel
462 1301 668 1344 tollendis
697 1302 741 1343 in
773 1302 902 1344 ulnas
931 1301 1147 1356 aegrotis,
1180 1309 1224 1343 et
1253 1301 1390 1342 domo
1420 1300 1463 1341 in
1496 1299 1773 1341 valetudina-

139 1378 251 1420 rium
278 1393 420 1433 usque
439 1379 786 1422 transuehendis
811 1386 1046 1422 uacarunt.
1072 1378 1161 1421 Sed
1184 1377 1303 1421 enim
1327 1378 1441 1419 intra
1468 1391 1633 1432 paucos
1658 1376 1770 1425 dies,

137 1455 370 1498 curatione
393 1470 526 1510 quam
551 1455 745 1498 diximus
769 1455 1027 1505 accedente,
1056 1462 1120 1495 tot
1147 1454 1380 1497 funeribus
1404 1454 1563 1494 modus
1581 1460 1648 1495 est
1673 1466 1772 1494 coe-

141 1539 244 1586 ptus
268 1531 452 1586 imponi.

227 1609 296 1662 56.
364 1609 473 1650 Illud
505 1623 613 1652 uero
643 1608 889 1650 notandum
921 1608 965 1649 in
999 1608 1150 1663 primis
1179 1608 1299 1663 quod
1329 1607 1606 1662 singularem
1631 1621 1772 1660 quan·

135 1684 239 1726 dam
264 1685 591 1739 prouidentiam
616 1685 700 1727 Dei
719 1687 774 1728 D.
798 1686 852 1727 N.
877 1692 1082 1727 testatur:
1105 1699 1157 1726 eo
1181 1692 1381 1739 tempore
1404 1684 1526 1738 anni,
1552 1691 1771 1726 autumno

139 1760 364 1813 uidelicet,
390 1761 498 1804 satis
521 1761 616 1816 ipso
641 1775 716 1816 per
740 1775 787 1803 se
814 1761 1066 1816 periculoso
1089 1769 1133 1804 et
1157 1761 1304 1818 graui,
1332 1768 1421 1802 tam
1447 1760 1612 1803 infecta
1639 1759 1774 1802 Vrbis

141 1845 279 1892 parte,
306 1837 534 1880 laboribus
558 1838 774 1890 maximis,
799 1851 903 1880 cum
927 1838 1070 1880 nostri
1094 1838 1210 1881 inter
1227 1845 1436 1893 aegrotos
1459 1837 1572 1880 adeo
1592 1836 1774 1878 familia-

138 1913 243 1956 riter
267 1921 570 1969 uersarentur,
596 1914 819 1957 neminem
846 1929 1029 1969 prorsus
1053 1929 1107 1957 ex
1130 1915 1356 1965 omnibus,
1383 1928 1530 1968 neque
1552 1927 1606 1955 ex
1631 1914 1768 1956 colle-

138 1990 214 2046 gio
236 1991 511 2046 germanico,
538 2005 684 2045 neque
713 2006 737 2034 e
768 1991 1020 2042 seminario,
1045 2005 1193 2045 neque
1223 2006 1247 2034 e
1270 2005 1522 2046 corporum,
1549 2004 1696 2044 neque
1719 2004 1773 2032 ex

137 2067 386 2109 animarum
416 2068 699 2109 curatoribus
730 2068 801 2110 uel
833 2067 1062 2118 ministris,
1095 2067 1139 2109 in
1171 2068 1375 2110 morbum
1406 2066 1632 2109 incidisse.
1660 2068 1772 2108 Nam

138 2143 401 2199 spiritalium
426 2144 731 2186 ministrorum
751 2143 877 2185 labor
895 2152 989 2186 erat
1013 2144 1201 2186 fortasse
1220 2158 1312 2186 non
1333 2143 1491 2194 minor;
1515 2157 1616 2185 cum
1638 2142 1773 2185 maxi-

140 2234 211 2262 ma
235 2235 335 2274 pars
371 2220 512 2275 plebis
535 2228 763 2272 aegrotae,
789 2220 832 2262 in
857 2220 979 2263 exitu
1006 2221 1123 2263 uitae
1146 2221 1202 2263 de
1225 2220 1519 2262 sacramentis
1546 2219 1767 2274 periclita—

139 2304 276 2347 retur;
302 2310 403 2338 cum
428 2305 578 2339 essent
602 2311 688 2338 non
714 2296 846 2352 pauci
869 2297 1137 2351 capitalibus
1161 2296 1335 2340 delictis
1359 2296 1557 2350 obnoxii,
1581 2295 1656 2349 qui
1677 2302 1770 2337 toto

137 2373 388 2428 septennio,
417 2374 486 2414 uel
510 2388 563 2416 eo
587 2373 721 2415 etiam
743 2372 949 2427 amplius,
977 2388 1001 2414 a
1026 2372 1312 2415 confessione
1335 2372 1666 2414 abstinuerant.
1695 2371 1769 2413 Di-

141 2449 334 2504 ligenter
368 2449 596 2504 prouisum
626 2456 694 2491 est
724 2448 877 2504 igitur,
914 2450 1024 2491 haec
1063 2456 1448 2491 sacramentorum
1490 2448 1686 2491 remedia
1726 2456 1774 2489 ut

140 2525 247 2566 nulli
273 2525 455 2566 omnino
477 2525 701 2576 deessent;
735 2525 862 2566 initio
893 2532 1073 2580 sumpto
1097 2526 1153 2566 ab
1177 2524 1229 2566 iis
1252 2524 1344 2580 qui,
1372 2524 1650 2566 medicorum
1674 2539 1771 2566 sen·

142 2601 294 2651 tentia,
331 2601 626 2656 periculosius
655 2602 970 2656 aegrotabant.
1005 2601 1230 2655 Quocirca
1260 2615 1416 2643 omnes
1448 2601 1645 2643 Domino
1678 2602 1775 2643 Deo

140 2687 293 2719 nostro
311 2693 390 2733 per
408 2678 738 2720 confessionem
758 2685 802 2721 et
823 2678 1148 2720 Eucharistiam
1169 2677 1442 2720 reconciliati
1460 2684 1581 2720 sunt.
1604 2678 1646 2719 X
1666 2691 1773 2731 quo-

141 2768 226 2808 que
251 2755 392 2797 XIIue
426 2755 679 2809 impudicae
711 2755 919 2796 mulieres
949 2769 1001 2797 ea
1023 2754 1261 2797 occasione
1290 2754 1346 2796 ad
1378 2754 1682 2797 honestiorem
1709 2753 1773 2796 ui-

142 2838 248 2884 tam,
284 2845 334 2872 ac
369 2830 551 2873 minime
585 2831 818 2885 uulgarem
853 2830 1176 2885 poenitentiam
1208 2838 1460 2873 reuocatae.
1496 2831 1660 2873 Earum
1687 2845 1773 2873 una

139 2920 242 2947 cum
266 2920 363 2949 sese
389 2906 549 2961 piaculi
574 2920 733 2948 caussa
756 2905 1065 2948 valetudinarii
1090 2906 1202 2957 eius,
1235 2907 1291 2948 de
1315 2921 1405 2962 quo
1434 2907 1649 2959 dixeram,
1686 2907 1771 2950 usi-

142 2983 227 3023 bus
250 2982 509 3031 addixisset,
536 2989 660 3024 tanta
683 2997 784 3024 cum
809 2982 1043 3038 diligentia
1063 2997 1226 3025 munus
1248 2983 1357 3025 illud
1380 2983 1505 3038 obiit,
1529 2990 1578 3025 ut
1602 2998 1656 3025 ex
1675 2983 1774 3026 eius
