1971 3276
601 191 735 225 EpisT.
760 190 906 227 128.—1
938 192 1139 235 JANUARH
1168 191 1256 234 1567
1635 197 1705 236 015

127 303 208 331 cus
232 290 360 332 nobis
383 289 581 344 episcopi
600 291 816 344 tyburtini
838 290 848 309 ⁷
869 290 1134 333 liberalitate
1153 304 1396 333 concessus
1413 299 1496 341 est,
1518 299 1748 346 acceptus-

125 380 212 420 que
237 381 260 408 a
283 365 448 407 nostris
471 380 525 408 eo
548 365 748 419 consiliO,
774 374 839 422 ut,
868 367 1078 421 quoniam
1103 367 1230 410 coelo
1253 374 1318 409 est
1345 367 1474 409 ualde
1493 368 1677 419 salubri,
1698 382 1752 410 eo

127 456 224 485 sese
248 457 302 485 ex
326 443 457 483 domo
476 449 520 484 et
544 442 750 497 collegio,
770 443 844 498 qui
869 443 1017 485 minus
1035 444 1270 485 commoda
1295 443 1550 485 ualetudine
1575 451 1751 487 uteren-

128 525 212 570 tur,
239 518 424 560 curandi
457 518 659 573 corporis
688 533 845 561 caussa
871 519 1134 573 reciperent.
1170 521 1324 561 Bonus
1353 526 1448 561 erat
1471 521 1646 571 hortus,
1673 521 1752 562 sed

128 594 346 643 habitatio
380 602 673 649 perangusta3
712 596 924 650 templum
962 610 1068 637 uero
1102 595 1248 650 ipsum
1282 597 1412 650 plane
1445 596 1671 638 desertum
1701 610 1752 639 ac

126 670 371 712 sordidum.
400 672 554 724 Itaque
578 685 669 713 rem
699 671 902 726 aggressi
929 673 1087 714 fratres
1116 671 1256 713 nostri
1279 672 1390 714 fabri
1419 672 1615 727 murarii,
1644 682 1750 715 tem-

126 747 198 801 plo
221 747 426 789 decoram
452 746 495 788 in
522 747 717 803 speciem
742 748 1025 798 concinnato,
1053 749 1186 791 aedes
1209 759 1439 803 praeterea
1462 763 1578 803 pone
1602 756 1749 792 extru-

125 836 231 865 xere
261 832 328 864 sat
362 825 633 866 commodas.
667 825 841 867 Deinde
870 838 971 866 cum
1007 824 1205 866 nouitios
1237 825 1397 866 domus
1430 827 1629 879 professa
1662 840 1748 868 non

127 907 306 954 caperet
330 901 556 953 (quamuis
579 901 747 955 aliquot
770 915 923 943 eorum
949 901 1155 952 subinde,
1182 901 1513 944 continuandae
1530 903 1751 956 probatio-

125 975 192 1016 nis
215 989 388 1026 caussa,
411 977 571 1030 partim
592 985 794 1019 nostrum
818 977 862 1018 in
882 978 1122 1032 collegium
1147 978 1203 1019 ad
1226 979 1445 1031 quaedam
1470 979 1653 1021 humilia
1671 979 1750 1020 mi-

123 1051 320 1102 nisteria,
349 1052 507 1106 partim
534 1052 666 1095 etiam
692 1053 734 1094 in
764 1053 1073 1107 germanicum
1103 1053 1417 1108 mitterentur),
1444 1055 1645 1097 decreuit
1672 1057 1750 1097 Pa-

125 1135 190 1168 ter
213 1135 363 1169 noster
383 1128 606 1183 generalis
626 1143 795 1171 nouum
816 1131 900 1171 hoc
923 1129 1176 1172 aedificium
1196 1131 1448 1184 probationi
1469 1131 1749 1185 potissimum

122 1203 385 1247 attribuere.
422 1205 574 1258 Itaque
606 1212 774 1260 partem
809 1219 863 1247 eo
897 1205 1168 1247 nouitiorum
1198 1219 1300 1247 cum
1334 1207 1513 1261 proprio
1549 1208 1751 1261 prefecto

124 1280 398 1323 amandauit.
428 1281 565 1323 Hisce
590 1288 676 1323 tam
702 1282 852 1337 paruis
877 1281 1014 1324 initiis
1041 1283 1164 1325 Deus
1190 1284 1244 1325 D.
1274 1283 1327 1326 N.
1356 1283 1576 1338 propitius
1602 1283 1745 1335 affuit3

123 1356 364 1398 foeminam
395 1357 613 1401 illustrem
645 1372 695 1400 ac
729 1358 983 1413 primariam
1011 1358 1248 1414 permouit,
1280 1359 1507 1401 dominam
1528 1361 1749 1415 Joannam

125 1432 419 1487 Aragoniam,
441 1434 685 1477 Taleacotii
704 1433 945 1487 ducissam,
967 1441 1015 1476 ut
1035 1448 1125 1476 rem
1148 1442 1284 1477 totam
1304 1434 1546 1490 suscipere,
1567 1435 1749 1477 domum

123 1522 291 1563 augere
309 1517 352 1551 et
372 1524 531 1552 ornare
549 1510 684 1553 certis
703 1510 934 1565 prouentis
960 1511 1111 1562 uellet,
1138 1510 1182 1552 id
1205 1511 1349 1565 ipsum
1374 1511 1554 1552 domino
1573 1514 1634 1554 M.
1656 1513 1748 1554 An-

124 1585 246 1627 tonio
276 1586 499 1628 Columna
529 1587 620 1628 filio
651 1578 949 1642 approbante.
993 1588 1146 1641 Itaque
1175 1595 1344 1642 partem
1374 1587 1550 1629 aedium
1582 1587 1749 1630 uicina-

122 1675 236 1713 rum,
262 1676 374 1715 quas
396 1677 448 1705 ea
476 1662 688 1716 possidet,
715 1677 890 1706 necnon
915 1670 1085 1717 partem
1113 1663 1251 1706 uineti
1281 1664 1352 1705 uel
1376 1664 1492 1705 horti
1522 1664 1745 1719 contigui,

121 1738 205 1780 alia
229 1739 447 1793 quaedam
477 1745 722 1793 praeterea,
748 1753 939 1792 quorum
963 1746 1057 1782 erat
1086 1739 1360 1794 dispensatio
1389 1753 1526 1794 penes
1549 1753 1612 1790 se,
1639 1739 1748 1781 huic

120 1814 271 1856 domui
297 1814 572 1869 probationis
603 1814 787 1858 addixit.
821 1816 877 1857 Et
908 1815 1011 1858 licet
1040 1822 1308 1870 prouentum
1339 1816 1450 1858 haec
1479 1815 1628 1857 omnia
1658 1829 1747 1857 non

120 1890 334 1945 exiguum
354 1891 564 1942 efficiant,
587 1899 736 1934 tamen
756 1892 896 1933 multo
915 1891 1080 1933 maiora
1101 1892 1249 1933 adhuc
1269 1891 1454 1945 cogitat.
1471 1891 1623 1946 [taque
1642 1891 1749 1946 ipsis

122 1968 177 2009 D.
206 1967 414 2009 Andreae
439 1967 731 2021 solemnibus,
757 1982 810 2010 eo
834 1967 1085 2010 cardinales
1103 1967 1272 2021 aliquot
1290 1967 1490 2021 aliosque
1513 1974 1749 2022 magnates

123 2058 210 2084 una
239 2057 341 2085 cum
374 2045 434 2086 M.
471 2043 674 2086 Antonio
703 2044 811 2099 filio,
846 2044 902 2086 ad
931 2058 1107 2090 sacrum
1137 2051 1181 2085 et
1219 2043 1482 2085 concionem
1516 2043 1744 2095 inuitauit;

122 2120 284 2174 quibus
310 2120 634 2174 praesentibus,
661 2133 840 2163 cereum
874 2119 1188 2162 fundatoribus
1210 2120 1302 2162 dari
1334 2120 1512 2161 solitum
1537 2134 1560 2161 e
1584 2119 1749 2161 nostris

123 2195 539 2247 constitutionibus,
572 2196 686 2251 grati
717 2196 853 2237 animi
884 2196 1118 2250 indicium,
1144 2195 1205 2237 illi
1234 2195 1492 2247 detulimus;
1521 2209 1652 2249 quem
1676 2194 1750 2237 illa

124 2272 252 2314 uultu
276 2286 384 2314 sane
407 2272 649 2315 laetissimo
671 2271 732 2314 ita
755 2272 943 2327 accepit,
972 2279 1020 2313 ut
1043 2272 1214 2314 diceret
1240 2271 1479 2313 maximum
1503 2271 1586 2312 sibi
1611 2285 1634 2312 a
1660 2270 1746 2312 Do-

126 2348 246 2390 mino
270 2347 541 2390 beneficium
568 2348 718 2399 tribui,
745 2349 866 2402 quod
892 2348 1199 2390 fundationem
1223 2349 1341 2389 hanc
1360 2347 1632 2390 constituere
1650 2361 1748 2402 pos-

122 2432 205 2467 set.
229 2425 358 2465 Tunc
381 2437 600 2465 conuersa
623 2424 679 2465 ad
697 2423 855 2475 filium,
877 2424 1034 2467 eodem
1053 2423 1113 2465 illi
1132 2431 1336 2478 porrecto
1353 2436 1500 2473 cereo,
1525 2423 1683 2465 «Habe
1703 2430 1751 2464 tu

123 2514 303 2554 quoque
322 2513 521 2550 cereum,
544 2500 706 2554 inquit,
727 2499 804 2551 fili,
825 2506 869 2542 et
888 2499 1152 2542 fundatione
1171 2498 1426 2553 hujusmodi
1445 2499 1638 2553 gaude».
1655 2499 1746 2541 Cu-

125 2576 194 2618 ius
223 2576 295 2618 ille
327 2575 652 2631 benignitatem
683 2589 790 2628 erga
819 2590 901 2617 nos
930 2588 1273 2628 sermonemque
1302 2573 1452 2616 uerbis
1482 2574 1747 2616 humanissi-

126 2652 209 2694 mis
231 2653 552 2706 subsequutus,
576 2666 678 2693 mox
701 2665 880 2693 cereum
905 2650 1095 2693 reddidit
1118 2650 1262 2692 matri.
1292 2652 1377 2692 Per
1398 2664 1475 2693 eos
1497 2649 1591 2691 dies
1615 2650 1748 2693 etiam

126 2728 316 2783 contigit
339 2727 480 2783 ipsius
503 2727 709 2769 ducissae
733 2740 1032 2770 oeconomum
1056 2726 1184 2782 graui
1208 2726 1363 2768 morbo
1393 2733 1666 2780 correptum,
1693 2726 1749 2768 ad

124 2818 172 2847 se
202 2812 420 2847 rectorem
454 2804 615 2846 domus
647 2804 848 2858 ejusdem
884 2805 938 2845 D.
978 2803 1187 2845 Andreae
1221 2816 1465 2854 accersere;
1498 2817 1522 2844 a
1552 2816 1641 2857 quo
1672 2817 1749 2858 per

197 2969 207 2987 ⁷
259 2971 428 3014 Joannes
449 2969 624 3003 Andreas
643 2968 820 3005 Crucius.
