1971 3276
617 226 751 261 EPIST.
779 225 930 260 122.—8
949 225 1062 269 JUNu
1085 225 1172 268 1566
1608 222 1674 266 587

91 327 209 380 dam,
236 332 280 367 et
303 339 455 367 sanam
481 324 598 366 illius
621 325 871 367 doctrinam
898 325 1258 367 conseruandam
1284 324 1480 365 animum
1506 322 1722 366 adiecisse

95 402 287 452 uidetur,
314 402 434 443 bona
455 416 558 455 spes
581 408 649 444 est
675 402 875 443 futurum
901 408 950 443 ut
974 401 1187 456 paulatim
1212 400 1475 455 religionem
1500 406 1720 441 restaura-

92 486 181 520 tam
207 478 453 521 uideamus.
483 478 537 519 Et
561 477 777 519 accidisse
802 478 907 519 mihi
939 477 1148 520 scribitur
1173 477 1384 533 proximis
1413 474 1721 531 superioribus

91 554 265 605 diebus,
293 561 341 596 ut
368 554 560 609 primarii
588 561 678 595 tres
704 553 801 607 uiri,
829 567 931 597 cum
957 554 1108 608 primis
1128 554 1315 605 nobiles,
1338 552 1583 608 repudiatis
1600 566 1719 594 erro-

93 631 231 681 ribus,
257 631 300 673 in
326 631 489 685 quibus
522 632 686 672 multos
719 645 861 673 annos
887 631 1205 682 uersabantur,
1237 631 1293 672 ad
1323 629 1540 672 ecclesiae
1569 628 1721 670 matris

91 707 311 762 gremium
336 714 685 750 reuerterentur.
713 707 850 762 Quod
873 707 909 749 si
936 720 1004 748 res
1028 708 1087 748 ita
1112 708 1269 762 habet,
1295 715 1363 749 est
1387 707 1508 760 quod
1532 719 1721 760 agamus

48 794 50 796 ·
89 783 274 826 diuinae
303 783 492 826 bonitati
521 784 711 837 gratias,
739 783 814 838 qui
845 797 927 825 nos
956 783 1098 825 oculis
1129 782 1459 825 misericordiae
1487 796 1596 824 suae
1631 789 1717 823 tam

92 860 287 915 benigne
311 860 508 915 respicit.

182 950 221 990 3.
289 937 424 990 Quod
447 936 600 978 scribit
624 937 679 980 de
704 938 917 979 cardinali
944 938 1308 991 Commendono,
1335 937 1486 990 legato
1512 935 1719 989 designa-

92 1021 150 1066 to,
169 1013 337 1068 pridem
358 1013 524 1067 accepi.
545 1013 735 1068 Dignior
754 1015 809 1055 ad
828 1014 1086 1057 obeundum
1110 1015 1196 1055 hoc
1219 1027 1399 1063 munus,
1423 1026 1521 1053 meo
1539 1011 1717 1065 quidem

90 1090 271 1141 iudicio,
303 1090 447 1145 potuit
482 1091 647 1141 nullus;
685 1090 884 1132 fortassis
918 1099 1067 1132 autem
1100 1091 1222 1144 prius
1256 1090 1311 1131 ad
1342 1104 1423 1130 nos
1461 1088 1548 1138 ille,
1586 1101 1718 1142 quam

91 1168 201 1209 haec
225 1167 412 1222 epistola
437 1180 550 1217 mea,
579 1167 854 1221 peruenerit.

178 1256 220 1296 4.
289 1244 354 1285 Ex
377 1242 551 1297 Galliis,
579 1257 693 1298 quae
723 1243 830 1284 mihi
861 1244 1142 1296 scribuntur,
1174 1244 1287 1286 haec
1311 1248 1432 1284 sunt.
1466 1240 1719 1295 Collegium

85 1320 405 1374 jhesuitarum,
432 1320 703 1362 doctissimis
725 1320 985 1362 hominibus
1007 1321 1212 1373 affluens,
1241 1333 1454 1373 magnum
1479 1317 1716 1359 instituen-

93 1397 149 1438 da
172 1395 407 1439 iuuentute
432 1396 539 1438 huic
565 1397 663 1438 urbi
688 1397 819 1440 affert
844 1397 1053 1438 fructum.
1078 1397 1141 1438 Illi
1165 1396 1283 1438 enim
1305 1396 1396 1437 fere
1419 1395 1499 1437 soli
1523 1401 1644 1444 sunt,
1666 1395 1720 1435 ad

93 1487 205 1527 quos
228 1481 272 1515 et
297 1473 439 1528 potior
462 1480 507 1514 et
530 1473 673 1515 maior
696 1472 1067 1515 scholasticorum
1092 1487 1193 1527 pars
1211 1471 1410 1524 confluit,
1434 1485 1568 1525 quam
1587 1470 1719 1513 etiam

92 1550 148 1591 ob
172 1562 354 1591 causam
389 1549 729 1604 collegistarum
761 1548 804 1591 in
834 1563 881 1591 se
911 1549 1063 1590 odium
1096 1548 1402 1602 inuidiamque
1429 1547 1711 1589 deriuarunt.

92 1626 224 1682 Legit
259 1626 526 1681 Magistrum
565 1626 890 1669 sententiarum
914 1627 1113 1682 Joannes
1152 1625 1453 1675 Maldonatus,
1485 1623 1717 1678 hispanus,

93 1703 160 1744 uir
182 1703 468 1746 doctissimus
490 1711 534 1746 et
556 1702 968 1757 eloquentissimus,
995 1710 1038 1744 et
1057 1702 1131 1756 qui
1152 1702 1227 1743 uix
1246 1716 1396 1757 parem
1421 1700 1464 1742 in
1489 1700 1737 1754 disputan-.

91 1780 135 1822 di
158 1787 202 1823 et
225 1779 473 1822 subtilitate
496 1788 540 1821 et
563 1779 788 1834 elegantia
811 1780 977 1822 habere
1002 1778 1107 1820 mihi
1133 1778 1313 1833 uidetur
1350 1776 1569 1828 Parrisiis,
1596 1783 1721 1818 tanto

90 1856 322 1898 hominum
347 1857 566 1912 applausu
592 1863 810 1910 tantoque
833 1869 1074 1911 concursu,
1102 1864 1150 1897 ut
1168 1869 1289 1896 nunc
1310 1854 1516 1910 primum,
1545 1867 1633 1894 non
1653 1867 1717 1894 so-

90 1933 181 1975 lum
205 1934 550 1988 parlamentum,
577 1933 655 1975 sed
679 1933 811 1974 etiam
838 1939 930 1974 tota
955 1932 1046 1975 fere
1070 1932 1246 1983 ciuitas,
1272 1945 1324 1973 ac
1343 1929 1427 1985 ipsi
1447 1928 1720 1981 scholastici,

89 2016 134 2053 et
159 2010 308 2052 fauere
326 2009 554 2064 jhesuitis,
579 2016 624 2051 et
647 2023 723 2052 eos
748 2009 863 2052 tueri
887 2023 938 2051 ac
963 2022 1250 2064 propugnare
1273 2022 1447 2050 summa
1465 2020 1566 2048 cum
1586 2007 1721 2049 bene-

91 2086 287 2128 uolentia
326 2087 440 2129 uelle
481 2086 740 2129 uideantur.
786 2086 914 2128 Haec
944 2100 999 2128 ex
1037 2084 1196 2128 litteris
1233 2083 1440 2127 Lutetiae
1481 2095 1535 2124 20
1574 2081 1721 2125 Martii

90 2161 205 2203 datis
226 2161 258 2204 ³.
1472 2162 1479 2165 ’

179 2240 248 2281 Ex
272 2238 367 2281 aliis
392 2253 513 2291 uero,
540 2253 654 2293 quae
678 2246 784 2280 sunt
813 2239 864 2281 16
894 2238 1061 2293 Aprilis
1084 2238 1237 2288 datae,
1265 2238 1350 2277 hoc
1381 2234 1605 2277 scribitur:
1634 2232 1722 2275 Hic

92 2315 288 2370 quidem,
312 2315 508 2367 Parisiis,
529 2315 753 2358 innumeri
773 2322 878 2357 sunt
898 2312 1249 2365 sacramentarii,
1270 2320 1314 2354 et
1334 2312 1405 2354 uel
1423 2310 1467 2352 in
1486 2310 1720 2364 magistra-

93 2389 213 2432 tibus
236 2390 367 2432 etiam
393 2390 514 2445 ipsis,
541 2390 616 2445 qui
641 2405 729 2432 non
754 2392 946 2433 obscure
968 2404 1099 2432 suum
1124 2402 1321 2430 errorem
1346 2387 1431 2427 iam
1456 2400 1560 2440 prae
1583 2399 1630 2427 se
1649 2387 1717 2427 fe-

95 2475 213 2509 runt.
241 2468 360 2510 Inter
381 2468 575 2510 lectores
598 2468 746 2522 regios
772 2467 901 2522 pauci
926 2465 1209 2521 reperiuntur
1232 2462 1455 2506 catholici.
1478 2461 1599 2504 Libri
1619 2461 1721 2503 Cal-

93 2543 184 2585 uini
207 2552 251 2586 et
277 2545 421 2586 Bezae
445 2551 488 2587 et
513 2544 702 2586 aliorum
728 2543 1074 2593 haereticorum,
1096 2540 1298 2596 impressi
1323 2541 1393 2582 uel
1413 2540 1630 2582 Geneuae
1653 2537 1721 2580 uel

94 2619 312 2672 Basileae,
344 2621 521 2675 publice
554 2620 625 2662 hic
655 2634 680 2662 a
713 2619 966 2674 bibliopolis
998 2616 1358 2660 sacramentariis
1386 2615 1710 2657 diuenduntur.

93 2696 316 2751 Imagines
337 2697 470 2739 etiam
495 2697 672 2739 Caluini
696 2704 740 2738 et
764 2695 969 2745 Lutheri,
996 2709 1099 2737 cum
1122 2693 1414 2748 inscriptione
1440 2691 1609 2734 «fidelis
1628 2705 1719 2733 ser-

96 2772 213 2814 uitor
235 2772 344 2816 Dei»
371 2773 415 2814 in
441 2772 638 2815 tabernis
660 2772 852 2814 librariis
876 2771 1208 2827 appenduntur.
1236 2770 1299 2811 Ita
1323 2768 1488 2811 sensim
1523 2768 1567 2809 in
1593 2768 1720 2823 peius

165 2954 178 2974 ³
228 2954 288 2990 Cf.
309 2955 590 2998 FOUQUERAY,
611 2953 789 2988 Histoire
808 2954 854 2987 de
873 2952 913 2987 la
936 2952 976 2988 C.
998 2953 1044 2987 de
1054 2951 1097 2995 J.
1118 2963 1164 2986 en
1186 2951 1353 2992 France,
1376 2957 1404 2989 t.
1425 2952 1453 2995 I,
1476 2952 1500 2986 l.
1520 2951 1587 2995 111,
1617 2962 1722 2996 prae-

96 3013 228 3048 sertim
246 3024 328 3059 cap.
351 3013 421 3049 111.
