1971 3276
301 246 370 291 460
809 249 1000 284 POLANOE
1027 258 1344 285 COMPLEMENTA

252 347 404 392 situm.
432 350 566 392 Forte
596 357 746 391 tamen
780 350 918 411 prima
941 351 1176 392 concessio
1201 351 1318 394 uiam
1344 353 1516 396 muniet
1547 354 1602 396 ad
1626 361 1736 406 2.²¹¹¹;
1765 355 1885 409 quod

253 433 428 468 auertat
455 426 692 469 Dominus.

341 514 383 554 4.
451 504 518 545 De
541 503 715 546 Galliae
740 504 874 547 rebus
897 504 1006 546 satis
1029 512 1151 548 certe
1176 505 1386 548 nouimus
1409 521 1463 549 ex
1489 515 1743 549 nostrorum
1767 508 1885 551 litte—

254 578 327 630 ris,
361 580 484 632 quod
519 579 847 623 haereticorum
880 581 1015 622 factio
1044 582 1087 622 in
1119 582 1214 624 dies
1243 582 1431 624 debilior
1462 583 1662 626 redditur
1691 592 1735 627 et
1765 584 1885 626 odio-

252 655 356 703 sior,
383 656 593 710 quodque
619 657 775 711 regina
800 657 907 699 satis
936 665 1143 709 strenue,
1178 667 1278 713 post
1308 659 1461 701 initam
1496 674 1650 715 pacem
1683 675 1784 702 cum
1810 676 1885 703 an·

252 732 353 785 glis,
381 732 629 775 catholicae
655 733 901 788 relligionis
929 743 1073 788 partes
1100 736 1238 777 fouet.
1267 737 1355 777 Iam
1374 737 1589 791 Lugduni
1614 737 1730 779 serio
1748 752 1885 792 agen-

251 809 356 850 dum
382 817 449 850 est
473 810 527 851 de
553 810 744 864 negocio
770 810 1016 865 religionis,
1039 819 1084 853 et
1107 813 1321 854 catholici
1346 821 1528 868 sperant
1552 828 1600 856 se
1624 829 1752 869 posse
1772 815 1883 857 obti-

253 899 357 927 nere
384 894 430 926 ut
453 901 507 928 ex
531 901 583 929 ea
609 888 719 929 urbe
744 887 929 930 heretici
954 889 1252 942 expellantur;
1281 890 1401 943 quod
1425 890 1460 931 si
1485 890 1777 941 obtinuerint,
1799 892 1884 934 iam

252 963 306 1003 ad
329 963 510 1005 eosdem
541 964 831 1018 expellendos
860 978 915 1006 ex
946 964 1223 1020 Delphinatu
1257 974 1301 1007 et
1325 966 1595 1020 quibusdam
1626 967 1723 1009 aliis
1756 967 1882 1021 locis,

254 1038 423 1080 facilior
445 1040 527 1081 erit
551 1040 787 1083 decursus,
820 1041 1025 1084 Uidimus
1049 1041 1120 1083 hic
1145 1043 1382 1097 synodum,
1409 1044 1480 1085 uel
1507 1043 1656 1098 potius
1680 1044 1887 1086 concilia-

253 1116 406 1157 bulum
433 1117 488 1157 ab
520 1117 756 1160 haereticis
786 1117 828 1158 in
865 1118 968 1160 Bria
1004 1118 1234 1163 Picardiae
1267 1122 1461 1171 factum,
1494 1121 1537 1161 in
1569 1134 1657 1174 quo
1687 1121 1886 1163 seditiosi

252 1207 409 1234 eorum
433 1202 623 1235 conatus
650 1194 777 1237 facile
802 1195 1082 1239 elucescunt.
1116 1195 1211 1239 Sibi
1238 1204 1385 1240 tamen
1421 1196 1578 1240 timent
1602 1205 1646 1238 et
1670 1197 1781 1239 asilo
1805 1212 1888 1240 suo

251 1270 547 1323 gebennensi.
578 1271 760 1314 Utinam
788 1273 909 1325 quod
936 1281 1167 1328 ueremur,
1195 1273 1280 1314 illis
1303 1273 1495 1315 accidat.

341 1356 382 1399 5.
450 1348 497 1387 In
528 1348 741 1389 Flandria
775 1348 941 1390 utinam
973 1349 1123 1392 dicere
1153 1349 1307 1393 liceret
1338 1351 1456 1404 quod
1492 1350 1548 1393 de
1586 1350 1733 1393 Gallia
1774 1351 1887 1394 dixi.

251 1422 342 1465 Sed
367 1422 438 1464 illa
466 1423 665 1465 fortassis
696 1424 870 1466 notiora
904 1433 1037 1467 erunt
1068 1427 1123 1467 D.
1160 1427 1216 1468 V.
1250 1427 1418 1469 Illmae.
1454 1426 1542 1469 Ubi
1574 1435 1721 1470 tamen
1747 1428 1889 1470 nostri.

252 1499 464 1550 resident,
499 1502 688 1541 multum
720 1501 967 1555 proficitur.
1001 1503 1290 1557 Scripserunt
1323 1510 1473 1545 autem
1506 1503 1645 1545 nostri
1668 1504 1885 1547 Coloniae

251 1585 404 1617 contra
430 1589 665 1631 utramque
689 1578 883 1632 speciem
909 1585 952 1620 et
977 1578 1239 1633 coniugium
1265 1580 1568 1632 sacerdotum,
1596 1587 1640 1623 et
1664 1581 1881 1624 uniuersi-

253 1661 319 1693 tas
349 1654 550 1707 amplexa
584 1663 650 1696 est
685 1663 732 1695 ut
765 1655 986 1709 propriam
1021 1669 1176 1698 eorum
1208 1656 1500 1707 sententiam,
1535 1665 1578 1699 et
1608 1658 1886 1712 suffraganei

251 1729 523 1771 coloniensis
552 1731 890 1786 archiepiscopi,
926 1739 974 1772 ut
1003 1732 1237 1783 audimus,
1269 1732 1379 1774 satis
1410 1748 1458 1776 se
1487 1734 1639 1775 firmos
1669 1735 1881 1778 exhibue-

252 1816 355 1847 runt
379 1807 421 1847 in
447 1808 625 1850 duobus
650 1808 734 1849 illis
757 1808 956 1850 articulis
975 1810 1286 1852 excludendis.

340 1884 382 1924 6.
449 1884 633 1927 Cleuiae
657 1885 748 1926 dux
771 1885 949 1939 scripsit
979 1886 1193 1927 cardinali
1227 1888 1414 1928 Morono
1447 1901 1494 1929 se
1522 1887 1635 1930 uelle
1665 1887 1889 1930 ecclesiae

253 1960 390 2001 tilium
416 1974 530 2002 esse:
559 1975 639 2002 nos
666 1975 772 2003 uero
804 1962 932 2003 factis
962 1963 1110 2017 potius
1136 1977 1269 2018 quam
1300 1963 1430 2005 dictis
1460 1964 1735 2007 credendum
1770 1979 1887 2007 cen--

251 2051 403 2078 semus
428 2036 462 2078 ³.

341 2124 381 2165 7.
451 2115 517 2156 De
542 2116 676 2158 rebus
694 2115 966 2158 Germaniae
984 2117 1149 2159 scribet
1171 2117 1371 2159 fortassis
1390 2119 1440 2159 P.
1466 2117 1675 2160 Canisius
1696 2117 1882 2173 diligen-

252 2190 357 2232 tius.
396 2192 532 2234 Certe
561 2192 739 2246 quidem
772 2192 952 2234 nomine
988 2193 1134 2234 Patris
1165 2193 1303 2235 nostri
1335 2194 1548 2248 prepositi
1579 2194 1711 2236 hodie
1737 2194 1886 2237 eidem

251 2267 516 2322 iniungetur
540 2276 588 2309 ut
611 2268 668 2309 sit
697 2269 938 2311 officiosior
971 2270 1013 2310 in
1046 2269 1285 2311 scribendo
1315 2272 1372 2313 D.
1401 2272 1460 2312 V.
1494 2271 1660 2313 Illmae.
1689 2271 1719 2312 ⁴².
1757 2272 1880 2312 Tan-

253 2345 451 2385 tumdem
481 2345 527 2387 P.
556 2345 807 2388 Salineroni
832 2346 904 2387 die
927 2346 1120 2388 crastina
1147 2346 1392 2397 scribetur,
1419 2346 1495 2402 qui
1520 2355 1759 2401 postquam
1795 2348 1888 2390 Ue·-

254 2421 383 2462 netiis
406 2435 496 2462 non
522 2421 766 2476 penitendo
801 2437 904 2464 cum
942 2424 1091 2465 fructu
1121 2423 1421 2465 concionatus
1450 2432 1533 2473 est,
1564 2423 1800 2478 Neapolim
1837 2437 1885 2465 se

250 2497 458 2549 contulit3
488 2497 595 2551 quin
621 2507 665 2540 et
683 2500 863 2542 easdem
889 2499 1059 2541 litteras
1082 2514 1193 2553 quas
1226 2501 1281 2542 ad
1311 2514 1382 2543 me
1413 2500 1531 2541 misit
1565 2501 1620 2542 D.
1662 2501 1714 2542 V.
1742 2500 1880 2541 Illma.

251 2574 369 2626 quod
400 2575 454 2616 de
486 2574 583 2629 ipso
616 2575 894 2618 mentionem
926 2576 1124 2626 faciunt,
1160 2578 1215 2617 ad
1245 2577 1452 2618 eumdem
1488 2576 1800 2627 transmittam,
1837 2584 1885 2617 ut

250 2650 418 2692 aculeis
453 2650 539 2692 illis
572 2666 627 2694 ex
656 2652 873 2694 charitate
905 2652 1079 2694 sincera
1112 2654 1169 2694 D.
1203 2654 1258 2695 V.
1301 2654 1468 2696 Illmae.
1510 2652 1890 2707 prouenientibus.

251 2734 498 2779 pungatur,
527 2735 572 2770 et
597 2729 652 2770 ad
677 2728 962 2771 scribendum
991 2727 1227 2772 excitetur.

320 2866 331 2884 ³³
383 2867 602 2902 Gulielmus
622 2868 675 2902 IV
696 2869 844 2904 Cliviae
864 2876 902 2904 et
921 2871 1061 2915 Juliaci
1080 2870 1158 2905 dux
1180 2881 1225 2904 eo
1245 2876 1417 2915 tempore
1437 2870 1473 2904 in
1489 2869 1675 2914 religione
1694 2869 1886 2904 fluctuans

249 2923 466 2971 videbatur3
499 2926 567 2960 sed
600 2929 782 2972 paulatim
812 2932 933 2973 magis
965 2930 1167 2976 magisque
1200 2929 1247 2964 ad
1273 2929 1485 2964 catholicae
1514 2929 1702 2964 ecclesiae
1729 2940 1883 2963 causam

248 2982 432 3017 reductus
452 2990 524 3021 est.
546 2984 660 3029 Ibid.,
683 2987 728 3028 V,
750 2988 920 3032 675-677.

318 3042 331 3060 ⁴
383 3042 474 3075 Eam
495 3042 697 3087 epistolam
718 3045 806 3079 vide
826 3048 878 3080 sis
899 3048 935 3081 in
956 3048 1029 3081 loc.
1051 3048 1140 3091 cit.,
1168 3047 1234 3091 IV,
1256 3049 1424 3092 575-576.
