1971 3276
616 204 752 238 EPAST.
785 202 932 239 128.—1
964 203 1172 248 JANUARH
1203 202 1288 244 1567
1666 199 1734 243 637

132 304 372 347 Societatis
401 303 571 344 uiribus
596 318 732 345 onera
763 303 1023 346 subeamus.
1052 302 1393 357 Operariorum‚
1422 303 1518 343 Deo
1551 303 1604 343 D.
1633 302 1690 342 N.
1720 301 1781 342 fa-

139 388 287 431 uente,
316 394 550 422 numerum
578 387 765 421 auctum
794 379 846 420 iri
873 379 1158 421 confidimus.
1182 380 1311 420 Tunc
1343 393 1450 421 uero
1480 378 1670 433 collegia
1694 392 1783 432 quo

140 457 329 499 maxime
354 463 662 511 opportunum
697 455 842 498 uisum
876 456 1013 498 fuerit
1043 457 1099 497 ad
1130 455 1212 498 Dei
1241 455 1449 510 gloriam,
1480 454 1777 497 deducentur.

101 578 123 585 l
229 543 298 586 50.
370 534 438 574 De
461 532 663 574 amerino
700 532 898 587 collegio
929 532 989 573 nil
1019 533 1156 574 ferme
1185 531 1307 573 noui.
1339 532 1547 585 Scholae,
1574 529 1782 585 quamuis
1826 531 1828 533 ’

134 609 491 664 efflagitantibus
516 608 770 663 oppidanis,
810 609 960 650 adhuc
992 608 1224 651 restitutae
1258 623 1346 649 non
1376 615 1494 659 sunt,
1525 622 1613 662 quo
1643 608 1777 649 uehe

137 685 333 728 mentius
356 699 407 727 ac
430 685 598 727 diutius
622 685 862 739 expetitae,
888 699 941 727 eo
960 685 1122 727 deinde
1148 686 1321 727 fructus
1345 685 1533 728 fortasse
1552 684 1782 726 uberiores

137 763 322 805 laturae.
351 761 660 804 Concionibus
685 761 1136 817 confessionibusque
1160 761 1408 817 (nobilitate
1432 762 1487 803 ad
1511 776 1585 804 eas
1605 761 1773 815 praeci-

144 854 228 893 pue
252 839 524 891 confluente)
554 839 683 880 ualde
707 838 959 893 proficitur.
988 839 1060 880 Ad
1085 846 1262 880 nostros
1292 838 1334 879 in
1366 839 1501 880 rebus
1529 837 1677 880 dubiis
1706 852 1779 893 pe-

142 915 436 968 riculosisque
456 914 759 967 concurritur3
790 915 1049 969 praesertim
1077 929 1185 956 uero
1217 914 1262 956 in
1286 914 1408 957 exitu
1436 914 1553 957 uitae
1577 914 1779 956 studiose

142 1008 166 1033 a
190 991 367 1033 ciuibus
392 991 678 1033 adhibentur.

231 1068 301 1109 60.
369 1068 552 1122 Tybure
582 1067 791 1109 uniuersa
818 1069 955 1110 ferme
988 1068 1238 1110 litterarum
1263 1069 1463 1110 studiosa
1486 1068 1702 1111 iuuentus
1724 1068 1780 1110 ad

149 1152 322 1186 nostras
354 1143 543 1186 uentitat
572 1145 766 1195 scholas,
793 1158 879 1198 qua
915 1144 959 1185 in
984 1160 1030 1186 re
1054 1152 1097 1185 et
1122 1145 1165 1186 in
1197 1145 1442 1186 christiana
1466 1145 1670 1186 doctrina
1695 1153 1779 1186 tra-

145 1221 308 1275 denda,
345 1220 672 1270 concionando,
709 1221 1005 1262 sacramentis
1045 1221 1346 1276 poenitentiae
1385 1229 1428 1264 et
1468 1220 1780 1263 Eucharistiae

147 1297 476 1352 dispensandis,
503 1297 807 1340 conscientiae
829 1297 1171 1350 quaestionibus
1196 1297 1488 1352 explicandis,
1515 1298 1703 1351 aliisque
1725 1312 1779 1340 ex

147 1373 353 1416 instituto
377 1373 640 1416 muneribus
664 1374 885 1415 obeundis
909 1388 1071 1428 operae
1096 1375 1284 1428 pretium
1310 1383 1378 1416 est
1410 1375 1594 1417 factum.
1630 1374 1779 1416 Aedes

147 1464 328 1504 quoque
354 1450 733 1492 reconcinnantur
757 1451 811 1491 ad
835 1450 1126 1505 excipiendos
1150 1450 1422 1493 ualetudinis
1445 1465 1604 1493 caussa
1628 1450 1779 1506 hospi-

149 1534 215 1569 tes
237 1541 262 1569 e
287 1540 470 1567 romano
499 1526 710 1581 collegio.
738 1527 890 1569 Nostri
921 1528 1041 1582 apud
1064 1527 1325 1582 episcopum
1351 1535 1395 1570 et
1418 1527 1647 1569 ciuitatem
1674 1527 1776 1568 uni-

151 1618 325 1645 uersam
356 1603 400 1643 in
430 1603 573 1657 gratia
602 1610 725 1654 sunt,
758 1603 802 1645 id
832 1604 952 1658 quod
985 1604 1060 1645 ubi
1089 1618 1187 1646 sese
1218 1605 1349 1645 offert
1379 1604 1574 1657 occasio,
1610 1619 1656 1647 re
1685 1604 1779 1659 ipsa

151 1679 431 1734 perspicitur.

236 1757 307 1799 61.
375 1757 661 1798 Tusculanae
683 1756 816 1799 etiam
841 1757 1040 1807 scholae,
1063 1772 1173 1811 quas
1197 1757 1385 1818 studiosi
1405 1772 1562 1800 omnes
1585 1758 1774 1812 oppida-

147 1832 192 1874 ni
216 1834 502 1887 frequentant
534 1835 619 1874 hoc
652 1848 772 1875 anno
807 1833 1082 1876 instauratae
1115 1843 1236 1876 sunt:
1277 1835 1427 1889 populi
1459 1849 1566 1877 uero
1597 1835 1640 1876 in
1672 1849 1777 1877 nos·

148 1916 239 1951 tros
256 1909 588 1960 beneuolentia,
606 1910 911 1965 obseruantia,
934 1910 1076 1965 pietas
1095 1911 1156 1953 ita
1175 1912 1339 1953 crescit
1357 1911 1401 1952 in
1426 1911 1537 1963 dies,
1562 1920 1609 1952 ut
1629 1912 1779 1954 uerbis

147 1985 349 2027 nonnulli
375 1986 472 2040 plus
501 1985 635 2028 etiarn
660 2000 793 2040 quarn
819 1995 997 2042 oportet
1028 1988 1185 2029 merita
1216 1988 1457 2031 Societatis
1487 1989 1776 2042 amplificent3

146 2062 267 2115 quod
290 2061 461 2103 scilicet
485 2049 529 2102 in
555 2061 650 2104 eius
673 2062 860 2106 caritate
891 2063 1170 2118 consilioque
1202 2079 1344 2119 poene
1375 2065 1556 2107 unicum
1584 2067 1779 2109 habeant

149 2138 402 2193 perfugium
428 2138 743 2190 constitutum3
771 2153 959 2193 quorum
984 2141 1072 2184 fide
1096 2143 1264 2183 factum
1288 2150 1356 2184 est
1379 2142 1511 2185 etiam
1545 2150 1592 2183 ut
1622 2157 1692 2185 res
1714 2143 1778 2184 di-

149 2213 318 2255 uinitus
333 2228 477 2269 poene
494 2215 779 2270 prodigiosae
796 2215 1021 2258 interdum
1040 2217 1324 2271 contingant.
1339 2219 1776 2272 Foeminaquaedam

146 2304 172 2332 a
190 2291 352 2332 marito
372 2291 484 2332 male
505 2291 659 2332 habita
678 2305 780 2333 curn
801 2307 898 2333 earn
923 2293 980 2351 ob
1004 2307 1094 2334 rem
1119 2293 1318 2348 grauiter
1340 2302 1600 2349 angeretur,
1621 2296 1675 2337 ad
1699 2298 1777 2338 Pa-

149 2373 261 2409 trem
294 2380 430 2407 unum
463 2382 486 2409 e
516 2367 678 2409 nostris
709 2382 838 2422 opem
870 2368 1114 2423 implorans
1144 2370 1348 2425 accessit,
1375 2381 1512 2425 certa,
1541 2379 1589 2413 ut
1613 2372 1775 2424 aiebat,

149 2442 313 2484 fiducia
337 2444 430 2484 fore
456 2449 502 2484 ut
528 2443 668 2484 uerbo
693 2443 786 2485 suis
810 2444 1104 2486 incommodis
1127 2447 1398 2489 mederetur.
1427 2448 1603 2489 Annuit
1624 2450 1775 2501 Pater;

146 2526 191 2563 et
210 2533 480 2573 quamquam
504 2518 601 2560 aliis
621 2520 991 2573 occupationibus
1011 2521 1269 2576 impeditus,
1293 2529 1380 2564 tam
1401 2523 1491 2565 cito
1511 2524 1658 2567 facere
1679 2540 1778 2579 pro-

149 2596 280 2636 missa
311 2610 401 2636 non
432 2595 591 2650 potuit,
625 2596 845 2638 Dominus
877 2605 1025 2638 tamen
1058 2598 1154 2652 piae
1185 2598 1383 2641 mulieris
1416 2600 1547 2642 tidem
1584 2602 1778 2656 respexit

147 2672 257 2727 ipse:
292 2686 485 2726 namque
507 2672 580 2714 illa
606 2672 815 2726 postridie
838 2673 893 2714 ad
924 2676 1098 2716 Patrem
1124 2675 1268 2729 rediit,
1295 2690 1437 2730 agens
1461 2677 1632 2731 gratias
1656 2680 1776 2732 quod

149 2748 334 2789 rnaritus
356 2748 402 2789 in
424 2747 560 2789 alium
586 2756 769 2803 repente
796 2749 939 2791 uirum
964 2750 1226 2792 immutatus
1249 2766 1348 2794 esse
1373 2752 1618 2796 uideretur.

235 2824 306 2866 62.
374 2824 681 2878 Energumeni
699 2825 932 2866 cuiusdam
951 2827 1107 2869 affines
1125 2828 1179 2868 ad
1199 2842 1399 2883 magum,
1422 2843 1476 2871 ex
1498 2829 1549 2871 iis
1569 2845 1682 2885 quos
1702 2846 1775 2875 ne-

146 2907 371 2941 cromatas
391 2907 571 2955 uocant,
591 2900 773 2942 remedii
794 2915 952 2943 caussa
972 2903 1378 2958 confugerant,qui
1398 2906 1453 2946 ad
1471 2907 1633 2948 collum
1652 2923 1775 2951 ener-

146 2975 332 3031 gumeni
372 2977 632 3018 schedulam
666 2990 769 3018 cum
804 2978 1081 3019 detestandis
1113 2980 1455 3023 characteribus
1491 2983 1773 3038 alligauerat.
