1971 3276
278 267 347 301 294
782 255 969 289 POLANOE
1003 261 1319 288 COMPLEMENTA

325 359 387 401 16.
456 359 503 399 In
529 357 719 412 publicis
739 344 972 411 ¹praeterea
996 354 1215 396 custodiis
1241 353 1381 408 pietas
1407 360 1665 395 nostrorum
1692 361 1735 393 et
1758 353 1873 393 cha-‘

233 435 338 477 ritas
360 436 578 477 aduersus
602 434 796 486 uinctos,
825 440 871 474 ut
897 430 1151 484 consueuit,
1178 429 1354 473 enituit:
1377 443 1532 472 omnes
1558 429 1676 471 enim
1695 428 1865 472 crebris

232 511 526 553 concionibus
569 520 612 552 et
656 509 841 564 priuatis
881 506 1266 549 cohortationibus
1305 506 1445 548 adiuti
1489 512 1610 557 sunt;
1658 504 1865 560 permulti

233 587 364 630 etiam
404 602 427 628 a
467 586 835 641 grauissimorum
878 592 1165 638 peccatorum
1207 582 1415 633 uinculis,
1458 582 1621 636 quibus
1659 581 1746 623 iam
1789 581 1864 623 diu

233 664 463 706 constricti
496 663 782 713 tenebantur,
810 675 888 716 per
921 674 1070 703 sacras
1104 659 1411 702 confessiones
1439 658 1632 701 absoluti
1668 659 1863 709 fuerunt3

233 740 368 794 aliqui
401 739 595 793 denique
628 739 683 780 ad
713 745 863 779 votum
897 736 1142 792 religionis,
1177 737 1297 791 quod
1326 736 1411 777 iam
1441 735 1611 790 pridem
1649 748 1863 789 concepe-

235 824 348 870 rant,
391 815 718 871 quamprimum
756 815 1057 857 exoluendum
1093 820 1199 856 sunt
1233 812 1421 863 incitati;
1459 811 1648 854 sublatis
1687 824 1867 866 quoque

235 893 411 935 lusoriis
434 892 564 946 foliis,
594 900 639 933 ut
663 892 759 947 pios
783 892 917 933 libros
946 891 1181 944 haberent,
1209 889 1374 943 quibus
1398 888 1620 944 legendis,
1645 895 1689 929 et
1714 902 1738 929 a
1764 900 1866 942 pec-

235 970 347 1012 catis
369 969 662 1023 abstinerent,
690 976 733 1010 et
760 976 939 1022 tempus
963 966 1132 1008 utiliter
1157 967 1379 1017 fallerent,
1405 974 1448 1008 et
1477 965 1744 1008 christianos
1767 977 1864 1005 mo—

237 1061 307 1089 res
349 1047 656 1097 addiscerent,
700 1052 907 1087 curatum
945 1051 1033 1087 est.
1068 1043 1265 1099 Quidam
1307 1042 1484 1098 capitali
1517 1041 1739 1085 sententia
1782 1041 1867 1082 iam

236 1124 474 1166 damnatus
505 1125 561 1165 ob
591 1124 758 1165 scelera
788 1137 902 1176 quae
932 1121 1097 1163 doloris
1128 1120 1368 1175 impatiens
1393 1120 1436 1161 in
1463 1118 1698 1161 tormentis
1725 1118 1869 1161 fuerat

235 1200 494 1253 ementitus,
521 1214 622 1241 cum
648 1207 836 1242 mortem
861 1198 943 1240 sibi
968 1198 1202 1241 imminere
1226 1196 1460 1251 cogitaret,
1486 1202 1697 1239 aestuans
1721 1194 1870 1236 animo

235 1277 470 1330 omnisque
493 1276 663 1318 consilii
688 1283 732 1319 et
761 1275 911 1317 auxilii
936 1289 1110 1329 expers,
1142 1274 1197 1317 ad
1230 1273 1553 1315 instituendam
1585 1271 1722 1313 totius
1751 1271 1870 1313 uitae

236 1353 562 1396 confessionem
593 1361 661 1395 est
690 1368 713 1394 a
741 1351 904 1394 nostris
933 1351 1167 1406 impulsus,
1203 1358 1338 1405 atque
1367 1350 1423 1391 ad
1451 1355 1712 1391 constanter
1742 1361 1865 1389 mor—

237 1437 344 1483 tem,
377 1430 583 1484 quamuis
612 1429 897 1480 immeritam,
931 1427 1242 1483 perferendam
1266 1427 1584 1477 inflammatus,
1610 1431 1659 1466 ut
1689 1425 1775 1466 hac
1805 1437 1870 1465 ra-

239 1506 358 1548 tione
390 1506 587 1549 diuinam
617 1520 745 1560 opem
775 1512 820 1548 et
851 1504 1205 1548 misericordiam
1240 1503 1515 1559 impetraret.
1549 1502 1650 1544 Hoc
1678 1500 1752 1543 ille
1782 1507 1870 1541 tam

238 1583 431 1624 salutare
474 1582 709 1624 consilium
755 1581 910 1625 libenti
955 1594 1006 1623 ac
1049 1580 1182 1622 alacri
1226 1579 1375 1622 animo
1417 1586 1651 1630 executus,
1697 1585 1873 1633 praeter

237 1659 437 1701 omnium
462 1659 733 1714 opinionem,
760 1659 1006 1713 periculum
1032 1657 1186 1699 mortis
1203 1656 1381 1712 effugit,
1408 1664 1452 1699 et
1474 1654 1691 1697 diuinitus
1715 1654 1871 1697 libera-

238 1743 325 1789 tus,
352 1750 408 1777 ne
432 1750 588 1791 parum
618 1745 774 1790 gratus
803 1750 911 1791 erga
946 1748 1168 1777 summam
1193 1732 1481 1775 clementiam
1506 1739 1639 1784 esset,
1666 1731 1873 1775 meliores

240 1811 357 1854 uitae
381 1811 652 1853 christianae
677 1810 872 1854 rationes
895 1810 1111 1865 suscepit.

331 1899 394 1941 17.
463 1889 535 1931 Ad
565 1895 778 1943 aegrotos
810 1888 915 1930 item
955 1887 1256 1929 consolandos
1284 1892 1328 1928 et
1352 1884 1647 1928 confessionis
1674 1884 1875 1926 antidoto

237 1965 558 2015 subleuandos‚
599 1971 642 2007 et
681 1965 736 2006 ad
779 1964 1076 2006 moribundos
1115 1963 1338 2004 iuuandos
1376 1976 1464 2003 non
1501 1975 1604 2004 raro
1639 1975 1871 2003 uocamur.

238 2042 369 2096 Quae
402 2041 582 2095 quidem
613 2040 909 2083 humanitatis
941 2047 985 2083 et
1015 2039 1286 2082 christianae
1315 2038 1545 2080 charitatis
1572 2037 1733 2090 officia,
1769 2037 1874 2079 dum

237 2117 456 2173 primariis
479 2131 658 2172 quoque
678 2117 784 2159 uiris
807 2116 1010 2159 accersiti
1036 2123 1328 2171 praestamus,
1354 2129 1511 2159 eorum
1531 2114 1686 2169 aliqui,
1712 2113 1872 2156 infensi

237 2194 401 2248 alioqui
425 2194 660 2248 Societati,
687 2193 816 2235 nobis
840 2193 1155 2234 conciliantur.
1185 2193 1258 2234 Ad
1282 2192 1499 2235 moniales
1517 2198 1750 2247 praeterea
1769 2203 1872 2232 con-

238 2271 389 2312 ciones
413 2271 647 2323 habentur,
673 2277 716 2313 et
739 2270 782 2311 in
807 2269 1099 2312 xenodochiis
1122 2276 1166 2311 et
1185 2268 1401 2323 paroeciis
1427 2267 1501 2309 ubi
1525 2274 1660 2310 antea
1685 2281 1775 2309 non
1794 2268 1874 2309 ha·

239 2348 476 2389 bebantur.
514 2347 562 2388 Id
599 2354 749 2390 autem
782 2347 832 2388 fit
866 2360 968 2388 cum
1003 2346 1136 2388 laude
1169 2359 1219 2387 ac
1252 2345 1399 2386 fructu
1430 2350 1571 2398 tanto,
1607 2350 1656 2385 ut
1686 2343 1871 2386 saedulo

237 2423 497 2478 praesertim
522 2423 702 2478 parochi
726 2422 865 2477 pridie
890 2436 1022 2477 quam
1041 2421 1097 2463 sit
1121 2421 1326 2464 habenda
1344 2421 1517 2475 concio,
1540 2419 1718 2474 collegii
1745 2434 1868 2474 prae-

240 2500 407 2541 fectum
438 2500 715 2541 admonitum
746 2499 946 2552 ueniant,
984 2513 1031 2541 se
1061 2497 1241 2553 signum
1278 2498 1456 2539 futurae
1485 2496 1716 2539 concionis
1746 2496 1875 2538 datu-

242 2590 329 2626 ros,
356 2584 400 2619 et
423 2584 597 2618 oratum
624 2591 678 2618 ne
702 2576 812 2631 ipsis
838 2575 970 2618 desit.

337 2653 403 2695 18.
470 2652 706 2694 Institutae
735 2660 839 2694 sunt
871 2652 1006 2695 etiam
1036 2650 1256 2705 quaedam
1287 2650 1522 2692 hominum
1553 2648 1791 2692 societates
1820 2649 1876 2691 ad

244 2729 422 2772 diuersa
465 2729 740 2770 christianae
779 2728 958 2783 pietatis
995 2736 1038 2770 et
1072 2726 1305 2769 charitatis
1339 2726 1479 2768 offitia
1513 2726 1795 2782 praestanda;
1831 2732 1876 2767 et

244 2818 357 2858 quae
381 2805 613 2848 institutae
636 2805 816 2860 quidem
842 2813 974 2847 antea
998 2811 1139 2856 erant,
1164 2804 1243 2846 sed
1267 2802 1485 2858 neglectis
1508 2802 1601 2845 suis
1618 2801 1809 2844 decretis
1832 2808 1876 2843 et

244 2881 420 2935 legibus
444 2881 666 2935 iacebant,
695 2896 772 2936 per
797 2888 975 2923 nostros
999 2880 1165 2935 quibus
1188 2893 1292 2921 suas
1317 2879 1497 2934 regulas
1520 2877 1809 2932 corrigendas
1832 2883 1875 2920 et

243 2970 322 3011 pro
368 2956 583 2998 arbitratu
623 2957 926 2999 immutandas
963 2955 1264 3008 tradiderunt,
1302 2954 1565 2997 subleuatae
1608 2960 1876 3007 erectaeque

245 3038 363 3084 sunt,
388 3039 431 3074 et
455 3033 509 3074 ad
540 3032 682 3074 maius
716 3033 852 3074 robur
884 3046 1017 3087 quam
1051 3031 1288 3087 pristinum
1319 3036 1576 3082 reuocatae3
1607 3029 1669 3071 ita
1700 3035 1749 3072 ut
1778 3028 1877 3084 plus
