1971 3276
283 215 359 250 326
800 214 989 250 POLANcr
1016 221 1337 249 coMPLEMENTA

235 317 345 367 rius,
373 324 543 360 aestate
570 316 769 371 proxime
794 315 1052 371 praeterita,
1079 328 1184 355 cum
1209 314 1264 356 acl
1288 313 1644 367 exequias-Rmi.
1669 313 1880 355 cardina-

244 394 297 436 lis
329 410 353 436 a
377 395 534 437 Cueua
569 393 582 411 '³'
613 393 975 435 cohonestandas
1009 391 1208 446 plerique
1250 391 1492 445 praesules,
1530 390 1682 445 legati,
1718 389 1882 443 aliique

243 471 466 526 principes
501 470 582 512 uiri
615 470 659 510 in
693 471 906 524 templum
940 471 996 512 D.
1035 468 1183 510 Iacobi
1212 467 1550 518 conuenissent,
1578 467 1734 509 habuit
1764 467 1883 521 apud

249 563 325 590 eos
349 562 535 602 grauem
569 554 612 589 et
641 546 877 598 eruditam,
914 559 1079 598 magna
1108 544 1308 586 omniurn
1339 543 1648 598 admiratione,
1675 557 1882 586 sermone

239 624 429 679 hispano
462 623 741 675 concionem,
784 622 896 664 tanti
933 621 1012 663 viri
1047 620 1329 675 amplitudini
1369 621 1771 672 accommodatam3
1806 619 1881 674 qui

235 715 339 743 cum
363 701 510 742 adhuc
536 707 765 754 superstes
798 699 842 740 in
874 700 990 741 lecto
1022 698 1229 740 infirmus
1252 698 1561 748 decumberet,
1588 711 1763 752 semper
1796 696 1880 738 sibi

234 779 285 820 P.
312 777 619 831 Franciscum,
647 775 778 818 cuius
807 776 1011 819 oratione
1036 775 1279 831 plurimum
1303 788 1350 816 se
1373 774 1428 816 ad
1450 774 1569 817 uitae
1594 773 1788 816 melioris
1805 773 1878 816 de-

230 854 441 897 siderium
465 854 649 896 excitari
675 853 982 908 intellegebat,
1002 860 1045 894 et
1066 852 1176 894 alios
1195 851 1301 894 item
1324 858 1504 893 nostrae
1527 850 1768 895 Societatis
1794 851 1879 892 Pa-

232 940 322 975 tres
344 932 538 974 inuicem
561 930 643 972 sibi
667 945 745 985 per
770 938 907 972 statas
933 931 1064 971 horas
1093 929 1408 979 succedentes,
1432 929 1487 970 ad
1508 927 1715 972 ultimum
1737 941 1878 981 usque

232 1008 438 1064 spiritum
464 1008 621 1049 adesse
646 1014 865 1061 perpetuo
887 1007 1044 1048 uoluit.

326 1097 390 1138 17.
460 1085 687 1140 Quoniam
719 1098 828 1126 uero
859 1084 903 1125 in
942 1085 989 1125 P.
1025 1082 1254 1125 Francisci
1285 1082 1557 1125 mentionem
1597 1080 1749 1134 incidi,
1786 1095 1876 1122 non

231 1163 481 1218 praeteribo
506 1162 668 1204 tacitus
693 1161 921 1216 singulare
956 1160 1226 1203 beneficium
1252 1174 1340 1214 quo
1371 1166 1575 1200 nostrum
1605 1157 1870 1211 collegium,

231 1240 306 1282 ubi
331 1239 522 1295 primum
541 1246 609 1281 est
635 1238 785 1280 Italiae
804 1236 1141 1279 commissarius
1160 1237 1432 1287 declaratus,
1456 1250 1544 1277 non
1565 1249 1721 1290 parum
1741 1249 1872 1276 orna·

233 1317 312 1359 uit.
340 1317 456 1359 Cum
480 1315 596 1358 enim
622 1322 754 1357 antea
777 1328 1008 1367 nunquam
1033 1313 1367 1355 sanctissimum
1394 1310 1703 1353 Eucharistiae
1726 1325 1872 1352 sacra*

235 1401 438 1435 mentum
463 1393 506 1434 in
538 1400 693 1433 nostro
722 1390 918 1445 collegio
948 1396 1230 1432 asseruatum
1259 1396 1395 1439 esset,
1431 1388 1552 1441 quod
1576 1388 1616 1430 ei
1640 1387 1703 1431 rei
1727 1388 1875 1429 locum

235 1470 578 1512 accommodum
602 1482 691 1509 non
718 1467 1005 1517 haberemus,
1032 1480 1139 1507 cura
1169 1465 1266 1507 eius
1290 1465 1431 1520 prima
1457 1465 1553 1516 fuit,
1583 1473 1630 1506 ut
1661 1464 1873 1506 sacellum

233 1547 457 1601 quoddam
483 1545 592 1587 satis
617 1545 812 1599 amplum
838 1553 881 1586 et
905 1543 1161 1598 appositum
1187 1542 1231 1583 in
1256 1556 1358 1585 eum
1385 1555 1515 1584 usum
1548 1548 1800 1591 ornaretur,
1827 1541 1873 1582 in

232 1638 320 1678 quo
345 1638 447 1665 cum
474 1623 568 1678 ipse
595 1637 687 1665 rem
712 1621 912 1663 diuinam
939 1634 1116 1675 magna,
1143 1627 1192 1661 ut
1214 1634 1292 1674 par
1314 1627 1425 1671 erat,
1452 1626 1613 1660 cantus
1640 1617 1872 1660 celebrita-

231 1710 290 1755 te,
313 1700 538 1755 variisque
558 1706 926 1741 ornamentorum
947 1686 1236 1752 apparatibus
1257 1695 1519 1752 peregisset,
1539 1695 1872 1737 sanctissimum

232 1777 402 1819 Christi
429 1790 591 1831 corpus
621 1789 704 1817 suo
736 1776 837 1816 loco
873 1773 1190 1816 decentissime
1224 1772 1440 1823 condidit,
1476 1786 1651 1814 summa
1685 1773 1870 1814 fratrum

232 1853 563 1907 consolatione,
590 1853 734 1895 dicam
759 1851 891 1894 etiam
917 1850 1100 1906 spiritus
1130 1849 1421 1902 exultatione,
1446 1849 1565 1904 quod
1596 1855 1748 1903 optato
1777 1855 1870 1890 tan-

232 1931 333 1973 dem
360 1930 618 1972 fruerentur
650 1930 878 1979 thesaur03
911 1942 1000 1982 quo
1031 1926 1199 1968 tamdiu
1224 1928 1309 1968 hoc
1334 1925 1575 1981 collegium
1599 1939 1753 1967 carere
1776 1925 1868 1966 Do-

231 2007 379 2048 minus
403 2006 517 2048 forte
541 2005 710 2047 idcirco
734 2004 893 2055 uoluit,
923 2014 970 2045 ut
993 2003 1090 2045 eius
1113 2002 1383 2045 desiderium
1409 2002 1638 2045 ardentius
1667 2001 1711 2043 in
1742 2001 1871 2044 nobis

231 2084 448 2127 excitaret
481 2082 660 2138 pietatis
695 2081 912 2124 studium.
946 2080 1045 2123 Dici
1079 2079 1196 2121 enim
1221 2094 1311 2120 non
1340 2087 1500 2134 potest,
1532 2092 1665 2132 quam
1696 2079 1871 2121 ardenti

232 2161 390 2202 fratres
413 2174 570 2202 omnes
592 2158 893 2202 aemulatione
917 2157 990 2198 alii
1015 2156 1111 2199 aliis
1135 2157 1447 2206 succedentes,
1473 2169 1651 2197 sacrum
1679 2154 1867 2197 domini-

228 2237 267 2279 ci
291 2237 490 2292 corporis
513 2236 726 2279 sacellum
750 2249 854 2276 suas
878 2234 1071 2276 Domino
1095 2247 1250 2288 preces
1272 2231 1466 2274 oblaturi
1494 2233 1803 2287 frequentent.

327 2315 394 2357 18.
459 2315 701 2367 Nunquam
731 2312 836 2353 item
868 2310 961 2353 suis
991 2310 1324 2352 hortationibus
1353 2323 1433 2351 seu
1467 2307 1763 2350 concionibus
1796 2321 1866 2349 ca-

233 2398 420 2433 ruerunt
443 2390 488 2441 ii,
515 2389 591 2444 qui
614 2389 873 2432 carceribus
897 2387 1171 2437 detinentur3
1199 2386 1363 2441 quibus
1385 2386 1452 2437 fit,
1481 2392 1529 2426 ut
1552 2385 1649 2440 piae
1678 2398 1866 2426 consue·

233 2467 410 2509 tudines
428 2481 505 2522 per
527 2473 705 2508 nostros
729 2465 847 2520 apud
871 2464 970 2506 illos
993 2463 1226 2505 institutae
1250 2462 1380 2504 nouis
1404 2476 1579 2516 semper
1598 2460 1759 2503 studiis
1791 2460 1864 2501 in·

232 2551 511 2586 crementum
537 2550 732 2596 sumant,
761 2550 807 2583 ut
842 2539 1138 2583 confessionis
1167 2546 1211 2582 et
1244 2538 1556 2580 Eucharistiae
1584 2543 1866 2580 sacramenta

236 2621 537 2674 frequentent,
577 2627 623 2661 ut
647 2633 750 2660 suas
780 2618 1004 2660 interdum
1035 2618 1168 2658 horas
1199 2615 1531 2670 precationibus
1562 2615 1783 2665 tribuant,
1818 2620 1865 2654 ut

233 2697 401 2738 mutuis
424 2711 472 2739 se
497 2698 551 2738 de
571 2696 724 2738 diuina
749 2709 795 2736 re
817 2693 1051 2748 colloquiis
1070 2694 1127 2734 ad
1144 2693 1319 2734 illarum
1344 2691 1648 2733 molestiarum
1673 2691 1863 2733 toleran-

233 2772 336 2814 tiam
357 2774 667 2815 consolentur.
701 2771 793 2826 Qui
824 2771 884 2812 ita
916 2778 1171 2812 nostrorum
1198 2769 1270 2811 uel
1301 2769 1394 2810 solo
1423 2774 1609 2822 aspectu
1639 2767 1861 2809 delectan-

234 2856 322 2901 tur,
352 2857 400 2889 ut
424 2849 459 2890 si
484 2849 737 2904 contingat,
766 2855 812 2889 ut
836 2847 932 2889 aliis
963 2847 1078 2888 forte
1106 2845 1242 2888 rebus
1261 2844 1487 2900 occupati,
1508 2843 1630 2886 adire
1652 2842 1750 2884 illos
1778 2842 1860 2883 ali-

302 2960 315 2978 ⁹
367 2960 415 2994 D.
432 2961 748 2995 Bartholomaeus
767 2959 814 2994 de
830 2960 864 2994 la
879 2959 1014 2993 Cueva
1029 2963 1068 2992 et
1085 2958 1398 3002 Alburquemue,
1417 2956 1477 2992 tit.
1493 2955 1658 2989 Sanctae
1673 2953 1809 2988 Crucis
1825 2953 1863 2987 in

233 3019 456 3064 Jerusalem.
479 3018 588 3055 Obiit
608 3020 753 3053 Romae
770 3028 813 3061 29
833 3019 922 3063 Jun.
950 3017 1050 3061 1562.
1070 3016 1134 3053 Cf.
1163 3018 1319 3061 EUBEL,
1341 3015 1412 3059 ΙΙΙ,
1433 3014 1491 3050 31.
