1971 3276
561 210 698 243 EpisT.
719 209 870 252 74—31
895 210 1142 244 DECEMssRrs
1182 211 1268 252 1562
1614 212 1683 255 329

101 325 230 354 uersa
253 311 366 354 loca.
400 309 580 364 Quibus
616 309 657 351 in
685 311 819 351 rebus
853 324 941 350 non
973 311 1115 351 solum
1147 325 1249 352 eum
1280 311 1323 351 in
1357 310 1596 352 uirtutibus
1632 327 1727 364 pro-

99 401 305 442 gressum
330 388 490 428 fratres
514 386 652 427 nostri
680 387 900 440 fecerunt,
926 386 1001 439 qui
1025 401 1079 428 ex
1103 386 1146 426 id
1170 400 1316 440 genus
1335 387 1729 429 exercitationibus

104 463 386 518 sperabatur,
413 464 490 504 sed
522 476 688 517 magno
717 462 849 505 etiam
880 463 1117 503 commodo
1147 463 1190 503 in
1222 463 1371 504 multis
1402 463 1603 516 proximo
1637 466 1730 506 fue-

101 546 221 590 runt;
258 539 587 593 praecipueque
621 538 664 580 in
697 538 817 581 uitae
848 538 1019 580 ratione
1048 538 1303 580 clarissimis
1339 538 1568 591 uirtutum,
1604 547 1647 581 et
1686 541 1728 581 in

99 616 252 671 primis
277 600 589 657 submissionis
613 615 764 665 animi,
791 615 1020 657 charitatis
1043 623 1087 658 et
1112 616 1358 657 modestiae
1382 617 1612 671 exemplis,
1641 632 1728 658 non

99 707 207 734 sane
236 705 419 746 paucos,
447 699 490 733 et
514 692 569 733 ad
602 692 781 733 diuinae
814 691 1026 734 bonitatis
1056 694 1254 745 laudem,
1281 700 1323 734 et
1352 694 1407 734 ad
1431 693 1497 733 sui
1522 692 1729 734 imitatio·

98 783 200 811 nem
244 776 581 822 permouerunt.
616 770 666 810 In
696 769 1132 822 peregrinationibus
1163 783 1270 810 uero
1299 769 1468 822 experti
1503 779 1607 810 sunt
1642 784 1729 811 non

98 859 197 887 raro
222 844 403 886 Domini
428 844 759 895 liberalitatem,
786 859 886 886 cum
913 845 955 886 in
981 860 1032 888 ea
1056 847 1152 887 loca
1176 853 1219 888 et
1242 860 1318 888 eos
1337 846 1540 888 homines
1564 847 1724 890 incide-

98 929 210 976 rent,
238 937 262 963 a
285 921 449 975 quibus
473 921 719 963 honorifice
756 921 1087 976 exciperentur3
1114 931 1249 975 atque
1278 922 1320 963 id
1352 924 1441 964 fere
1466 930 1557 963 tum
1584 924 1725 966 maxi-

96 1012 183 1052 me,
210 1011 313 1040 Cum
339 997 486 1040 minus
514 1005 762 1051 sperarent3
791 1012 1132 1052 nonnumquam
1157 999 1289 1040 etiam
1321 1002 1458 1052 (quod
1484 1015 1570 1041 non
1595 1009 1661 1041 est
1686 1001 1728 1042 in

95 1074 315 1117 beneficio
341 1074 509 1116 minore
534 1073 879 1128 reponendum),
914 1082 1098 1117 sanctae
1132 1076 1404 1129 paupertatis
1430 1090 1611 1117 munera
1646 1092 1727 1119 ex-

96 1150 222 1205 perti.

184 1238 254 1280 23.
322 1226 502 1268 Accidit
527 1227 641 1270 inter
665 1228 792 1278 haec,
824 1240 925 1268 cum
952 1227 1135 1280 quidam
1165 1242 1219 1270 ex
1248 1227 1412 1270 nostris
1437 1229 1576 1270 Roma
1600 1229 1730 1271 simul

93 1304 429 1358 egrederentur,
455 1304 499 1345 in
523 1303 812 1346 Germaniam
838 1303 909 1345 alii
936 1304 1194 1358 profecturi,
1222 1303 1296 1346 alii
1322 1304 1728 1359 peregrinationem

94 1379 370 1422 lauretanam
400 1380 689 1434 persoluturi,
724 1387 771 1421 ut
810 1394 1014 1422 summus
1046 1381 1250 1435 pontifex
1283 1381 1367 1422 illis
1400 1382 1561 1423 obuius
1587 1382 1724 1424 tieret.

94 1457 135 1498 A
159 1470 247 1511 quo
276 1470 378 1498 cum
411 1470 537 1498 sacra
566 1457 819 1500 ceremonia
857 1457 1060 1500 benedici
1091 1457 1173 1498 sibi
1207 1458 1499 1512 postularent,
1533 1460 1630 1499 loco
1659 1459 1731 1500 ille

93 1534 361 1583 consistens,
388 1532 639 1588 iubensque
663 1548 739 1576 eos
760 1535 943 1588 propius
967 1535 1020 1575 ad
1041 1548 1087 1576 se
1108 1535 1340 1587 accedere,
1361 1534 1558 1589 benigne
1577 1549 1731 1577 omnes

92 1608 314 1651 allocutus
336 1616 419 1662 est,
448 1610 684 1664 pedesque
702 1610 786 1666 illis
806 1610 1074 1652 osculandos
1095 1610 1317 1665 praebuit;
1340 1625 1528 1665 quorum
1553 1611 1727 1654 interim

92 1684 331 1739 scipiones,
366 1686 614 1729 cardinales
649 1686 753 1741 ipsi,
787 1687 950 1741 aliique
987 1687 1209 1741 principes
1242 1687 1339 1739 uiri,
1373 1688 1446 1741 qui
1472 1688 1729 1730 circumsta
1764 1688 1767 1691 ’

92 1761 215 1814 bant,
243 1763 550 1804 asseruabant.
583 1764 817 1805 Postremo
845 1777 944 1804 curn
969 1777 1173 1806 summus
1193 1765 1326 1806 Pater
1343 1765 1479 1807 semel
1499 1773 1634 1819 atque
1652 1765 1728 1808 ite·

93 1851 191 1878 rum
215 1837 509 1880 eleemosinas
542 1839 627 1880 illis
658 1839 913 1891 obtulisset,
947 1839 1030 1895 ipsi
1064 1854 1171 1882 uero
1200 1841 1371 1894 gratias
1400 1850 1587 1896 agentes
1619 1842 1730 1884 nihil

92 1913 173 1956 sibi
207 1928 361 1956 eorum
392 1916 550 1958 deesse
579 1916 931 1970 respondissent,
965 1931 1080 1970 quae
1118 1916 1265 1958 itineri
1291 1926 1441 1960 essent
1462 1920 1726 1970 necessaria,

92 1990 243 2032 multis
267 1990 508 2034 identidem
534 1992 733 2046 repetitis
757 1993 1167 2044 benedictionibus,
1197 1995 1336 2036 laetos
1358 2010 1382 2036 a
1406 2009 1452 2036 se
1476 1995 1657 2037 dimisit.

181 2079 252 2121 24.
320 2069 489 2110 Vereor
512 2083 568 2111 ne
592 2069 769 2124 longior
791 2070 873 2111 sim
899 2084 1031 2124 quam
1066 2071 1288 2123 uolebam,
1313 2071 1349 2112 si
1373 2072 1551 2126 singula
1575 2087 1728 2115 recen-

92 2157 190 2187 sere
214 2158 413 2199 pergam,
443 2159 557 2199 quae
582 2146 721 2187 nostri
746 2146 861 2188 inter
885 2147 1267 2201 peregrinandum
1300 2148 1466 2201 ubique
1489 2149 1727 2190 ediderunt

92 2220 323 2262 charitatis
346 2220 390 2262 in
416 2221 668 2275 proximum
692 2223 911 2277 exempla3
940 2222 1055 2265 inter
1082 2238 1214 2278 quam
1240 2225 1404 2265 multos
1429 2224 1594 2264 mutuis
1613 2223 1724 2265 odiis

92 2295 358 2339 dissidentes
388 2312 543 2352 pacem
578 2298 874 2351 conciliarint;
909 2307 1018 2354 quot
1049 2300 1357 2342 confessiones
1386 2314 1474 2340 non
1505 2300 1646 2340 solum
1682 2299 1726 2341 in

93 2372 268 2427 templis
292 2373 531 2426 audierint,
558 2375 637 2416 sed
662 2375 794 2417 etiarn
824 2375 869 2417 in
893 2376 1113 2431 hospitiis,
1136 2384 1179 2419 et
1199 2377 1241 2417 in
1263 2376 1531 2429 triremibus,
1554 2390 1656 2417 cum
1681 2376 1725 2418 in

92 2448 312 2491 maritima
334 2450 432 2491 loca
456 2451 571 2493 forte
590 2452 900 2503 decurrerent3
924 2452 968 2493 in
993 2452 1157 2506 quibus
1178 2452 1251 2506 qui
1272 2452 1412 2492 uincti
1436 2453 1720 2503 tenebantur,

91 2537 192 2566 cum
216 2525 396 2580 passim,
423 2528 647 2581 pecudum
667 2542 804 2580 more,
826 2528 921 2570 sine
942 2528 1166 2571 Ecclesiae
1183 2528 1472 2569 sacramentis
1495 2542 1721 2571 moreren-

93 2607 179 2654 tur,
206 2616 294 2643 non
321 2602 416 2645 sine
434 2603 589 2645 diuino
607 2604 794 2646 consilio
812 2604 1027 2647 accidisse
1043 2604 1253 2658 arbitror,
1277 2611 1325 2645 ut
1348 2610 1602 2645 nostrorum
1620 2619 1722 2660 ope·

93 2690 139 2717 ra
167 2685 419 2732 opportune
452 2678 537 2721 illis
568 2680 777 2733 adfuerit3
813 2688 922 2735 quot
956 2680 1059 2722 item
1090 2695 1113 2722 a
1143 2680 1260 2721 ludis
1287 2679 1480 2735 publicis
1514 2680 1723 2735 turpique

93 2762 281 2808 quaestu
305 2755 438 2798 rectis
462 2756 659 2798 consiliis
681 2757 938 2809 auocarint;
965 2770 1097 2810 quam
1122 2755 1254 2799 etiam
1278 2756 1443 2797 multos
1466 2756 1521 2798 ad
1546 2756 1721 2809 pietatis

92 2837 137 2872 et
154 2831 384 2886 religionis
407 2832 607 2874 studium
629 2832 963 2884 inflammarint3
992 2832 1106 2873 inter
1125 2845 1238 2886 quos
1258 2846 1374 2872 unus
1402 2846 1490 2873 non
1520 2832 1723 2874 obscuris

92 2907 315 2949 natalibus
353 2916 504 2961 ortus,
551 2908 774 2950 decimum
821 2908 1083 2963 septimum,
1130 2915 1206 2950 aut
1249 2907 1473 2950 decimum
1508 2915 1718 2951 octauum

93 2995 259 3025 annum
283 2992 416 3026 natus
438 2984 716 3036 adolescens,
743 2983 879 3026 natali
903 2984 998 3026 solo
1030 2983 1204 3039 relicto,
1231 2983 1386 3027 inuitis
1408 2985 1541 3027 etiarn
1565 2999 1720 3040 paren-
