1971 3276
769 199 1017 227 PROOEMIUM
1575 201 1689 228 XXV11

114 306 197 334 nae
221 290 464 334 modestiae
481 291 622 335 decus
645 305 735 334 non
753 305 852 333 esse
871 306 924 334 ea
944 291 1158 335 extollere
1174 305 1290 346 quae
1308 292 1364 334 ad
1382 291 1586 346 propriae
1610 293 1733 335 fami-

112 368 195 410 liae
228 374 435 409 ornatum
470 367 679 423 attinent,
714 381 852 422 quum
887 381 979 409 non
1013 368 1146 409 modo
1170 368 1226 411 de
1254 367 1453 423 privatis,
1489 368 1568 410 sed
1601 376 1644 412 et
1681 370 1736 412 de

111 446 314 487 coetibus
330 444 416 487 dici
440 443 593 499 possit:
623 444 741 498 «Qui
771 458 819 486 se
849 443 1015 487 exaltat
1042 443 1373 486 humiliabitur»
1406 443 1458 486 ⁹¹:
1485 451 1529 486 at
1557 459 1645 486 non
1670 452 1736 487 est

110 521 292 577 superbi
328 520 462 563 animi
502 534 688 563 munera
725 535 750 562 a
778 522 877 563 Deo
920 527 1107 575 accepta
1138 519 1210 575 pia
1245 520 1520 563 exultatione
1558 522 1732 572 efferre,

110 598 217 640 dum
241 597 338 639 aliis
360 596 404 639 id
426 603 569 639 vertat
597 596 641 638 in
672 596 925 640 utilitatem.
953 597 1184 648 Ceterum,
1211 610 1301 639 non
1331 596 1368 639 is
1390 603 1484 640 erat
1508 597 1736 640 Polancus

109 675 185 729 qui
223 674 469 718 modestiae
506 674 619 718 fines
659 675 786 717 facile
822 674 1077 718 excederet:
1117 681 1162 716 et
1187 689 1341 730 reapse
1365 688 1504 729 quum
1532 674 1628 730 ipse
1657 689 1736 730 per

108 765 157 794 se
196 751 365 793 litteras
402 751 458 794 de
497 750 661 804 quibus
690 750 868 805 agimus
899 750 1066 803 scribit,
1107 750 1401 794 restrictiores
1444 750 1737 793 inveniuntur

111 827 282 870 laudes·

197 903 269 944 Ad
293 904 475 947 alteram
503 910 678 958 partem
702 903 951 946 veniamus.
980 903 1193 946 Continet
1215 903 1288 946 illa
1318 903 1459 958 primo
1487 903 1734 959 ephemeri-

107 980 186 1022 des
209 979 371 1021 summi
390 979 519 1034 pretii
542 993 734 1034 quarum
752 979 1019 1034 praecipuus
1037 987 1194 1022 auctor
1214 982 1264 1023 P.
1290 979 1600 1022 Theodoricus
1617 980 1732 1023 Gee-

109 1063 265 1105 raerts‚
291 1055 506 1110 egregius
534 1056 814 1108 adolescens,
847 1062 890 1097 et
919 1056 974 1098 de
1005 1056 1169 1109 quibus
1197 1055 1382 1111 perinde
1410 1056 1650 1098 dicendum
1684 1069 1735 1098 ac

108 1131 302 1173 diximus
324 1131 457 1173 modo
480 1132 534 1174 de
557 1131 759 1186 epistolis
785 1131 1010 1173 historicis
1039 1146 1062 1173 a
1095 1131 1291 1173 Polanco
1321 1146 1407 1174 non
1438 1131 1631 1187 scriptis:
1657 1146 1730 1175 se-

108 1207 215 1251 riem
240 1215 437 1250 nostram
456 1208 683 1263 complent
706 1207 1036 1263 illustrantque3
1064 1215 1294 1263 praeterea
1316 1222 1461 1263 neque
1484 1208 1568 1250 illis
1592 1209 1732 1264 potio-

107 1298 198 1326 rem
228 1285 376 1327 locum
406 1284 450 1325 in
482 1291 636 1326 nostro
665 1298 803 1339 opere
837 1284 1102 1340 reperimus,
1129 1291 1173 1327 et
1206 1284 1346 1340 digna
1378 1298 1493 1339 quae
1525 1292 1733 1328 aeternae

105 1360 319 1402 oblivioni
343 1361 611 1403 mandentur
634 1375 723 1403 non
742 1360 1013 1415 judicamus.

195 1436 407 1480 Secundo
431 1437 532 1479 loco
558 1436 742 1479 Polanci
776 1437 1159 1480 Commentariola
1186 1437 1438 1492 inserimus,
1470 1438 1600 1492 cujus
1628 1452 1732 1493 pre—

107 1513 215 1555 tium
238 1513 513 1568 perpendere
538 1527 927 1568 supervacaneum
958 1521 1041 1568 est,
1071 1527 1210 1568 quum
1242 1513 1385 1568 primo
1414 1513 1580 1556 intuitu
1604 1514 1737 1570 inspi-

104 1589 239 1632 cienti
266 1597 429 1644 pateat.

192 1665 369 1708 Tertiae
393 1665 505 1720 parti
538 1673 829 1709 monumenta
852 1665 1148 1708 adscribimus
1172 1680 1286 1721 quae
1314 1666 1417 1709 licet
1440 1681 1530 1709 non
1554 1666 1735 1709 histori-

103 1756 171 1795 ca,
197 1743 252 1784 ad
282 1741 513 1783 historiam
546 1742 852 1784 institutorum
886 1742 1126 1786 Societatis
1160 1744 1347 1785 multum
1381 1745 1590 1787 conferre
1626 1751 1742 1799 pot-'

101 1826 247 1861 erunt.
275 1819 341 1860 Ex
363 1817 448 1859 illis
473 1818 728 1873 praecipua,
762 1818 1039 1861 Industrz'ae:
1065 1833 1255 1873 quarum
1285 1820 1452 1875 duplex
1480 1827 1548 1862 est
1581 1820 1736 1872 series,

104 1894 241 1938 altera
263 1893 449 1946 inedita;
477 1893 712 1949 utriusque
744 1902 894 1937 autem
926 1895 1092 1938 utilitas
1133 1896 1342 1939 maxima:
1375 1897 1495 1951 quod
1516 1896 1737 1939 vvidelicet

102 1969 235 2013 etiam
260 1984 379 2012 nunc
404 1969 601 2014 rationes
623 1971 791 2026 agendi
813 1970 1004 2013 ministri
1026 1972 1109 2015 Dei
1133 1972 1177 2013 in
1202 1972 1354 2014 labore
1369 1972 1631 2028 evangelico
1654 1973 1735 2016 So-

103 2046 253 2088 cietati
287 2046 480 2101 proprio,
517 2048 700 2090 eaedem
734 2061 932 2103 prorsus,
974 2048 1211 2090 levissimis
1252 2049 1591 2100 mutationibus,
1639 2063 1738 2092 esse

104 2129 324 2178 oporteat;
347 2123 466 2164 unde
491 2122 536 2164 id
559 2137 740 2179 quoque
757 2125 1005 2179 apparebit,
1028 2138 1160 2179 quarn
1184 2125 1418 2180 perspicue
1434 2125 1528 2179 jam
1547 2133 1655 2167 tunc
1680 2126 1735 2167 ab

102 2198 294 2242 exordiis
317 2198 410 2240 suis
439 2198 523 2241 sibi
555 2199 836 2255 proposuerit
867 2213 1069 2256 scopum,
1101 2215 1153 2243 ac
1184 2201 1279 2243 vias
1306 2201 1411 2243 illuc
1445 2201 1737 2256 perveniendi

104 2274 409 2330 designaverit
433 2275 652 2319 Societas.

189 2351 446 2403 Caeterum,
473 2352 529 2393 de
552 2352 724 2395 ratione
747 2353 859 2395 haec
893 2354 1260 2396 COMPLEMENTA
1283 2353 1457 2406 edendi,
1482 2360 1658 2408 praeter
1681 2367 1735 2395 ea

102 2441 216 2482 quae
249 2427 344 2470 aliis
381 2428 426 2469 in
467 2428 821 2483 praefationibus
866 2429 1060 2471 diximus
1102 2428 1155 2480 ⁹²,
1205 2430 1296 2471 duo
1342 2429 1736 2472 animadvertenda

103 2511 223 2545 sunt:
252 2502 460 2558 primum,
486 2504 720 2548 distinctas
743 2519 767 2547 a
790 2505 921 2547 nobis
953 2505 1242 2560 epistolarum
1268 2511 1416 2560 partes
1439 2520 1517 2560 per
1539 2505 1736 2560 adjectas

103 2587 231 2622 notas
255 2579 558 2623 arithmeticas
581 2595 696 2635 quae
722 2581 966 2625 faciliorem
986 2581 1225 2625 redderent
1258 2582 1479 2636 cujusque
1501 2581 1563 2624 rei
1587 2581 1733 2635 inqui-

101 2656 323 2698 sitionem:
371 2656 414 2697 id
455 2658 575 2711 quod
608 2658 701 2712 jam
740 2658 785 2699 in
825 2658 970 2712 Epist.
1011 2659 1069 2700 P.
1112 2658 1267 2700 Nadal
1289 2660 1555 2702 feceramus.
1599 2657 1734 2700 Dein-

103 2732 174 2787 de,
210 2732 331 2787 quod
369 2733 684 2787 complementi
714 2741 919 2776 naturam
950 2733 1264 2790 respicientes,
1291 2734 1471 2777 nomina
1515 2734 1732 2788 quaedam

156 2913 183 2933 ⁹¹
235 2911 482 2958 Luc.‚<XIV‚
506 2921 560 2957 113
583 2919 657 2949 etc.

155 2972 184 2991 ⁹²
235 2971 294 3007 Cf.
314 2972 440 3016 Epist.
461 2973 506 3007 P.
530 2972 677 3015 Nadul,
697 2972 728 3017 I,
748 2981 831 3017 XXI,
857 2981 956 3016 xxn,
978 2973 1159 3009 Monam.
1180 2974 1330 3019 Ignat„
1345 2984 1418 3011 ser.
1440 2972 1501 3016 La,
1523 2972 1553 3016 I,
1577 2971 1633 3015 233
1658 2976 1733 3006 etc.
