1971 3276
566 240 702 274 Episr.
734 237 907 273 111.—-13
927 238 1142 275 Oc‘rossms
1167 240 1254 281 1564
1612 237 1680 281 493

92 343 212 398 quod
236 342 419 383 morbus
441 347 485 383 et
509 354 626 381 mors
649 339 816 381 domini
835 339 1023 394 Joannis
1053 338 1249 393 grauiori
1276 353 1345 380 me
1369 338 1522 380 dolore
1547 352 1725 392 percus-

92 418 245 473 serint,
272 432 405 471 quam
432 417 621 458 ullorum
645 414 833 457 aliorum
859 414 930 457 uel
953 414 1177 469 sanguine
1209 415 1280 457 uel
1303 414 1462 468 spiritu
1488 414 1594 455 mihi
1618 429 1720 456 con·

92 493 476 536 iunctissimorum
500 505 613 545 quos
637 491 707 533 his
730 490 859 533 annis
882 490 1025 545 amisi,
1054 498 1148 532 turn
1172 490 1276 544 quia
1301 490 1511 532 iuuenem
1537 504 1728 544 magnae

92 568 433 624 expectationis,
453 567 530 622 qui
554 566 756 608 doctrina
779 573 823 609 et
848 566 1014 622 pietate
1037 566 1081 607 in
1106 565 1247 608 oculis
1271 565 1382 607 meis
1401 565 1664 621 proficiebat
1684 566 1726 607 in

93 645 204 696 dies,
231 644 442 699 peculiari
467 643 701 685 charitatis
724 643 888 685 affectu
911 642 1173 697 diligebam,
1209 649 1304 684 tum
1335 642 1439 696 quia
1473 643 1678 685 eumdem
1705 658 1728 682 a

95 723 151 764 D.
176 721 229 763 V.
260 721 396 763 Illma.
418 720 545 775 diligi
564 719 802 775 plurimum
822 719 1035 761 sciebam.
1058 720 1194 774 Quod
1218 726 1367 761 tamen
1391 719 1446 760 ad
1465 719 1609 773 ipsum
1629 718 1726 760 atti-

96 807 187 850 net,
212 798 333 840 haud
355 797 491 840 dubie
516 797 734 851 singulari
759 797 878 838 dono
903 796 986 839 Dei
1011 795 1163 837 multis
1187 795 1395 852 periculis
1424 803 1644 850 ereptum,
1685 804 1729 837 et

95 875 150 916 ad
175 888 378 916 securam
399 881 442 916 et
468 881 727 928 perpetuam
753 872 1075 915 beatitudinem
1095 875 1164 926 (ut
1186 872 1256 927 pie
1278 872 1461 914 omnino
1481 872 1634 925 credo)
1655 873 1727 914 de-

96 952 296 1002 ductum,
321 965 420 993 esse
445 950 737 1005 gaudendum
761 949 983 1000 existim03
1016 956 1059 991 et
1089 950 1205 991 hanc
1239 948 1381 1003 ipsius
1407 948 1726 1003 profectionem

97 1027 140 1068 in
176 1027 342 1069 Italiam
378 1043 402 1069 a
441 1026 569 1068 suaui
608 1033 652 1068 et
691 1025 889 1080 benigna
929 1025 1012 1067 Dei
1036 1024 1319 1080 prouidentia
1355 1025 1600 1079 profectam
1632 1038 1730 1067 esse

101 1118 214 1155 reor,
249 1104 322 1158 qui
353 1117 454 1145 cum
487 1104 542 1144 ad
571 1117 619 1144 se
653 1103 990 1144 adolescentem
1028 1115 1190 1144 uocare
1220 1102 1372 1155 uellet,
1405 1101 1473 1143 his
1503 1101 1732 1143 mensibus

97 1195 199 1223 eum
230 1194 425 1235 purgare
458 1193 508 1221 ac
543 1178 781 1234 disponere
820 1178 964 1233 magis
993 1192 1045 1220 ac
1075 1178 1218 1233 magis
1246 1178 1462 1233 dignatus
1497 1184 1581 1220 est.
1614 1178 1729 1220 Cum

99 1255 277 1314 ad[h]uc
300 1270 502 1298 essemus
532 1255 750 1306 Venetiis,
787 1256 1045 1310 generalem
1081 1255 1218 1297 totius
1248 1255 1367 1296 uitae
1401 1253 1729 1296 confessionem

100 1334 184 1376 sub
209 1333 320 1375 festa
344 1332 542 1375 natalitia
566 1331 775 1383 instituit,
802 1331 906 1373 inde
935 1333 1093 1374 crebro
1122 1333 1177 1373 ad
1201 1331 1499 1374 confessionis
1532 1338 1576 1373 et
1610 1345 1729 1372 com-

100 1409 325 1451 munionis
348 1416 643 1460 sacramenta,
675 1409 718 1450 id
751 1408 933 1451 estsere
966 1416 1128 1450 octauo
1158 1422 1336 1462 quoque
1370 1407 1456 1459 die,
1493 1408 1729 1459 accedens,

99 1494 144 1529 et
163 1494 337 1541 tempus
360 1485 549 1527 orationi
569 1485 771 1528 tribuens
800 1499 879 1539 pro
908 1485 1026 1526 bona
1059 1484 1304 1539 germanici
1329 1483 1507 1539 collegii
1531 1498 1729 1526 consue-

102 1563 272 1613 tudine,
298 1555 476 1617 semper
500 1561 827 1604 modestissime
850 1568 894 1604 et
917 1561 1244 1603 studiosissime
1267 1575 1313 1602 se
1337 1561 1493 1616 gessit.

191 1653 230 1693 3.
298 1640 434 1693 Quod
457 1639 512 1680 ad
535 1637 671 1695 ei[u]s
699 1637 891 1681 animam
924 1647 1023 1692 post
1053 1645 1241 1680 mortem
1278 1638 1521 1679 iuuandam
1553 1637 1730 1686 attinet,

102 1724 304 1759 curatum
330 1723 398 1757 est
433 1723 479 1757 ut
512 1723 604 1756 tum
639 1714 758 1756 domi
789 1723 984 1764 nostrae,
1013 1723 1106 1756 turn
1141 1714 1183 1755 in
1210 1713 1399 1768 collegio
1424 1723 1578 1755 nostro
1611 1720 1656 1755 et
1689 1712 1737 1762 in

100 1791 361 1847 germanico
394 1790 625 1832 sacrificiis
654 1800 697 1832 et
728 1790 1006 1832 orationibus
1033 1790 1231 1832 omnium
1263 1791 1359 1834 Deo
1395 1791 1709 1833 commendare

102 1876 187 1911 tur.
221 1870 338 1911 Sunt
367 1867 500 1910 etiam
533 1869 662 1909 datae
695 1866 966 1910 elemosinae
997 1867 1148 1908 multis
1176 1854 1487 1909 sacerdotibus
1516 1866 1729 1908 seculari<

101 1947 202 1996 bus,
225 1952 273 1986 ut
305 1944 347 1985 in
373 1943 671 1999 priuilegiatis
695 1943 910 1985 altaribus
944 1957 1022 1997 pro
1051 1943 1148 1984 eius
1177 1943 1324 1985 anima
1349 1944 1505 1985 missas
1539 1943 1734 1986 celebra-

107 2028 222 2071 rent,
249 2028 293 2064 et
317 2021 372 2062 ad
396 2021 627 2075 complura
656 2019 970 2071 religiosorum
1003 2021 1273 2061 monasteria
1303 2020 1358 2061 ad
1386 2022 1498 2063 haec
1527 2020 1623 2074 ipsa
1646 2020 1734 2061 suf-

104 2098 244 2153 fragia
267 2097 551 2152 impetranda
572 2096 791 2146 misimus,
817 2103 859 2137 et
885 2096 1154 2138 elemosinae
1178 2096 1347 2138 eisdem
1372 2097 1503 2139 datae
1527 2104 1646 2139 sunt.
1670 2097 1737 2137 De

104 2173 347 2228 sepeliendi
372 2173 571 2227 corporis
595 2172 766 2214 ratione
790 2172 1100 2214 consuluimus
1123 2173 1353 2214 dominum
1377 2172 1628 2226 Georgium
1652 2171 1731 2213 Ti-

103 2250 286 2302 cinium‚
313 2259 356 2293 et
379 2263 480 2291 curn
506 2263 594 2290 non
620 2250 828 2303 probaret
853 2249 940 2301 ille,
966 2256 1013 2290 ut
1037 2264 1090 2292 ex
1116 2249 1250 2290 uariis
1273 2248 1505 2290 ordinibus
1526 2248 1735 2290 monachi

108 2334 391 2378 uocarentur,
417 2334 460 2368 et
486 2326 614 2367 nobis
638 2340 728 2368 rem
755 2334 892 2367 totam
913 2325 1230 2388 committeret,
1259 2326 1378 2379 quod
1398 2340 1499 2367 curn
1522 2325 1644 2366 nullo
1662 2338 1735 2365 ex-

107 2410 232 2446 terno
255 2419 280 2446 a
302 2409 455 2444 nostra
478 2402 704 2445 Societate
734 2403 953 2444 hactenus
984 2404 1248 2453 feceramus,
1274 2415 1375 2442 cum
1406 2401 1573 2442 domini
1592 2402 1705 2457 Joan
1722 2426 1731 2430 -

107 2478 175 2520 nis
197 2493 382 2533 corpore
407 2477 610 2529 fecimus,
635 2485 683 2518 ut
707 2492 760 2520 ex
784 2478 918 2518 domo
943 2486 1093 2519 nostra
1116 2486 1159 2519 et
1183 2477 1374 2531 collegio
1399 2484 1550 2517 nostro
1574 2484 1618 2517 et
1638 2491 1736 2530 ger-

108 2554 284 2596 manico
306 2554 414 2596 satis
437 2567 678 2596 numerosa
702 2553 991 2595 multitudine
1017 2554 1151 2594 funus
1181 2554 1236 2594 ad
1269 2552 1502 2594 ecclesiam
1537 2560 1735 2594 nostram

108 2632 434 2674 deduceremus
458 2631 593 2686 (quod
625 2630 756 2673 etiam
792 2632 931 2672 anus
984 2629 1191 2671 dominus
1220 2630 1510 2684 assaphensis
1540 2629 1553 2648 ⁸
1584 2637 1626 2672 et
1662 2630 1736 2671 ali-

109 2715 216 2762 quot
241 2707 413 2749 nobiles
444 2706 592 2761 poloni
622 2720 722 2748 cum
750 2706 846 2747 aliis
881 2706 1081 2760 plurimis
1110 2714 1215 2747 sunt
1249 2705 1511 2760 subsecuti),
1549 2715 1592 2749 et
1624 2706 1738 2749 inter

110 2791 284 2825 nostros
308 2785 464 2825 fratres
494 2791 597 2825 ante
625 2785 763 2824 altare
797 2781 1065 2824 sanctissimi
1088 2782 1366 2825 Sacramenti
1403 2791 1500 2836 post
1525 2784 1711 2824 decanta

178 2906 191 2925 ³
242 2907 289 2941 D.
310 2907 476 2940 Thomas
501 2905 709 2948 Goldwell,
739 2905 802 2950 qui
829 2916 849 2938 e
880 2904 971 2938 sede
998 2916 1066 2938 sua
1098 2904 1321 2950 assaphensi
1351 2905 1578 2947 (assavensi)
1604 2905 1641 2939 in
1662 2906 1739 2939 An-

109 2966 186 3009 glia
213 2966 359 3010 puISUS,
386 2965 531 2998 Romae
562 2964 742 3008 degebat.
772 2964 845 2997 Hic
870 2962 1045 2997 Tridenti
1066 2964 1205 3009 hospes
1229 2963 1336 2997 Hosii
1367 2964 1572 2998 cardinalis
1599 2964 1736 2998 fuerat.

114 3024 173 3059 Cf.
195 3025 349 3067 EUBEL,
372 3023 441 3069 ΙΙΙ,
467 3023 542 3069 ¹343
568 3023 760 3066 MERKLE,
782 3022 830 3066 II,
852 3020 933 3066 878,
