1971 3276
535 223 671 256 Efflsr.
699 222 849 265 72.—31
875 223 1121 258 DECEMssms
1145 228 1228 267 1501
1602 224 1669 270 309

87 322 182 364 eius
205 322 381 376 collegii
407 323 566 372 factus,
589 321 649 363 ita
668 322 911 377 prudenter
930 337 981 364 ac
1005 324 1261 365 humaniter
1284 338 1331 365 se
1349 339 1451 365 cum
1478 326 1718 379 tyburtinis

87 399 263 441 ciuibus
287 399 419 454 gerit,
446 407 494 440 ut
516 413 726 454 magnam
751 399 834 441 sibi
858 401 976 454 apud
1001 414 1158 442 omnes
1177 401 1553 443 existimationem
1580 411 1621 444 et
1642 417 1716 443 au-

90 475 370 533 [c]toritatem
389 475 674 530 compararit,
696 484 739 518 et
764 475 834 530 pia
857 484 1076 530 grataque
1096 477 1427 520 consuetudine
1447 478 1618 519 animos
1642 480 1716 519 110-

85 551 254 594 minum
287 551 500 595 Societati
531 552 862 594 conciliauerit.
893 553 1113 594 Proximis
1146 553 1304 596 diebus
1335 567 1436 595 cum
1478 554 1718 595 diuturnae

89 642 345 683 grauesque
363 627 619 670 inimicitiae
644 627 758 670 inter
782 628 1016 683 primarios
1040 629 1157 671 illius
1178 629 1300 670 vrbis
1324 630 1448 671 ciues
1472 631 1716 672 intercede-

86 711 203 756 rent,
225 717 307 746 nec
331 704 463 746 ullius
485 719 682 758 unquam
704 719 838 759 opera
862 706 977 760 (cum
999 705 1125 747 multi
1151 706 1315 760 alioqui
1339 706 1381 747 id
1401 721 1533 761 saepe
1557 715 1719 748 tentas-

84 781 214 835 sent),
242 781 386 824 sedari
411 781 680 836 potuissent,
708 782 827 835 quod
850 782 923 836 qui
950 782 1156 824 iniuriam
1190 791 1439 838 acceperat,
1469 784 1598 826 ualde
1623 791 1717 824 erat

85 856 353 908 obstinatus,
386 857 457 898 vbi
481 857 671 912 primum
699 856 772 898 hic
806 859 939 899 Pater
963 857 1085 899 illum
1111 866 1176 900 est
1201 859 1439 909 allocutus,
1472 861 1557 900 hoc
1588 859 1643 899 ab
1667 874 1719 901 eo

87 948 350 989 responsum
382 934 549 976 retulit:
579 936 675 987 Ego
700 941 757 984 te,
785 933 945 987 inquit,
976 936 1123 988 Pater,
1154 949 1236 977 nec
1266 937 1456 977 antehac.
1487 935 1609 988 noui,
1637 949 1720 977 nec

84 1011 182 1066 quis
212 1011 272 1053 sis
295 1010 403 1062 scio;
432 1017 743 1052 uerumtamen
769 1010 833 1051 sic
861 1018 936 1051 tua
959 1011 1161 1053 oratione
1187 1025 1335 1052 meum
1368 1012 1566 1053 animum
1597 1012 1718 1052 infle-

83 1087 201 1139 xisti,
228 1095 277 1130 ut
310 1101 475 1142 negare
507 1087 627 1141 quod
661 1086 775 1142 petis
801 1087 923 1129 nullo
954 1088 1087 1129 modo
1119 1088 1302 1142 possim.
1330 1089 1458 1130 Tunc
1490 1090 1622 1130 Pater
1646 1089 1720 1129 ad-

85 1164 303 1206 uersarios
325 1177 589 1219 aggressus,
616 1163 670 1206 ad
694 1163 1029 1218 deprecandum
1055 1165 1110 1205 ab
1136 1164 1210 1205 illo
1240 1164 1418 1207 ueniam
1446 1164 1637 1214 induxit,
1663 1166 1718 1206 ad

84 1241 202 1296 quod
234 1248 367 1284 antea
399 1254 628 1294 nunquam
659 1240 823 1295 impelli
854 1247 1115 1294 potuerant.
1151 1241 1241 1295 Ille,
1286 1249 1518 1295 postquam
1554 1255 1623 1283 res
1661 1241 1721 1283 ita

83 1325 371 1368 conuenerat,
405 1331 507 1359 cum
541 1316 746 1359 inimicos
777 1317 949 1360 uideret
973 1317 1143 1359 sicariis
1175 1317 1378 1373 stipatos,
1407 1318 1496 1359 uim
1526 1318 1720 1372 aliquam

84 1394 270 1445 ueritus,
293 1408 502 1436 recusare
526 1393 674 1448 coepit
697 1393 752 1436 de
775 1408 901 1449 pace.
924 1395 1144 1445 Tandem,
1166 1396 1263 1436 Deo
1286 1394 1489 1445 iuuante,
1516 1401 1560 1437 et
1587 1397 1720 1438 Patre

84 1478 264 1514 strenue
299 1470 545 1523 adnitente,
584 1470 627 1511 in
663 1478 955 1525 conspectum
992 1471 1107 1513 Rmi.
1147 1479 1191 1513 et
1230 1470 1357 1513 Illmi.
1399 1470 1636 1513 cardinalis
1665 1470 1721 1514 de

85 1549 238 1591 Monte
255 1547 454 1598 adducti,
481 1555 525 1589 et
556 1547 790 1589 commoda
818 1547 963 1589 Patris
992 1547 1194 1590 oratione
1220 1547 1436 1602 persuasi,
1463 1546 1506 1587 in
1531 1546 1719 1600 gratiam

84 1623 329 1666 redierunt.
363 1624 463 1665 Hoc
493 1625 659 1665 factum
692 1623 903 1665 cardinali
934 1623 1237 1678 gratissimum
1276 1624 1374 1676 fuit;
1409 1622 1575 1664 ciuium
1614 1636 1719 1665 uero

86 1699 258 1741 animos
280 1700 341 1742 ita
365 1700 610 1754 permouit,
631 1707 678 1742 ut
701 1715 757 1743 ex
780 1714 833 1742 eo
858 1708 1058 1755 tempore
1077 1701 1218 1742 multo
1237 1700 1551 1755 propensiores
1570 1699 1614 1740 in
1638 1700 1718 1742 So·
1762 1689 1766 1692 ⁶

85 1776 293 1818 cietatem
317 1791 415 1818 esse
439 1777 686 1831 coeperint.
716 1777 853 1824 Rixae
877 1785 1108 1832 praeterea
1132 1778 1370 1832 quaedam,
1400 1776 1643 1819 seditiones
1667 1789 1717 1817 ac

85 1852 333 1896 simultates
356 1853 471 1896 inter
494 1854 710 1907 quosdam
735 1853 973 1908 religiosos
996 1862 1040 1896 et
1063 1854 1400 1896 ecclesiasticos
1424 1852 1628 1895 homines
1651 1866 1717 1894 or-

85 1937 172 1981 tae,
205 1943 309 1971 curn
335 1938 423 1971 tarn
447 1944 611 1985 graues
643 1938 825 1984 tamque
847 1931 1061 1974 incensae
1093 1931 1178 1972 iam
1199 1938 1368 1981 essent,
1397 1937 1443 1972 ut
1473 1930 1547 1971 uix
1577 1929 1719 1973 extin-

85 2006 164 2061 gui
194 2020 324 2061 posse
349 2006 621 2060 uiderentur,
647 2009 765 2062 quod
795 2007 1003 2050 uidelicet
1031 2016 1219 2063 utraque
1249 2023 1350 2063 pars
1381 2021 1561 2050 causam
1591 2020 1717 2048 suam

86 2084 271 2125 Romam
295 2083 468 2126 deferre
490 2083 723 2139 cogitaret,
750 2084 944 2139 tandem,
972 2085 1154 2127 Christo
1178 2085 1338 2140 gratia,
1367 2084 1548 2126 omnino
1572 2083 1718 2124 subla-

87 2166 156 2201 tae
179 2167 284 2201 sunt
302 2159 418 2201 illius
444 2160 589 2202 Patris
614 2160 752 2202 nostri
777 2175 912 2216 opera
935 2175 986 2203 ac
1012 2161 1264 2217 diligentia;
1292 2160 1366 2215 qui
1390 2160 1541 2202 vicarii
1566 2161 1718 2214 tybur-

87 2235 167 2277 tini
198 2243 358 2290 rogatu
390 2250 440 2278 ac
471 2236 680 2291 precibus
721 2246 890 2290 motus,
930 2237 1161 2291 negotium
1201 2239 1286 2279 hoc
1319 2237 1517 2279 omnium
1556 2235 1720 2277 iudicio

86 2311 397 2354 difficillimum
417 2320 461 2355 et
483 2312 524 2355 in
544 2313 695 2368 primis
713 2314 920 2367 arduum,
942 2316 1118 2356 summa
1136 2313 1373 2369 prudentia
1398 2312 1718 2367 uigilantiaque

86 2387 146 2430 ita
164 2389 400 2444 transegit,
424 2397 472 2431 ut
491 2390 704 2433 aduersas
725 2397 874 2446 partes
894 2402 1043 2432 coram
1063 2392 1192 2432 Rmo.
1215 2389 1440 2432 cardinale
1459 2388 1720 2430 iniuriarum

87 2464 263 2506 ueniam
287 2464 479 2508 inuicem
504 2473 671 2520 petere,
697 2473 741 2509 et
762 2474 922 2508 mutuo
945 2467 1153 2521 amplexu
1179 2474 1314 2520 atque
1336 2466 1491 2507 osculo
1509 2465 1630 2520 pacis
1654 2479 1719 2507 re-

87 2540 314 2582 conciliari
339 2542 547 2586 uoluerit.
576 2543 676 2585 Hoc
699 2543 864 2585 factum
888 2550 1055 2585 tantam
1075 2542 1449 2585 existimationem
1469 2541 1530 2582 illi
1550 2541 1720 2595 totique

87 2615 298 2659 Societati
326 2618 446 2673 apud
475 2618 729 2672 tyburtinos
758 2619 948 2674 peperit,
983 2628 1030 2660 ut
1059 2618 1239 2672 quidam
1271 2618 1346 2668 qui
1376 2626 1507 2660 antea
1538 2625 1718 2660 nostros

88 2690 246 2747 stipem
269 2693 313 2735 in
337 2695 563 2737 nonnullis
588 2695 709 2737 urbis
733 2695 846 2737 uicis
870 2695 1153 2738 emendicare
1177 2702 1431 2749 uetuerant,
1456 2707 1576 2735 nunc
1601 2694 1718 2735 ultro

88 2767 268 2812 domum
296 2784 423 2812 suam
452 2771 661 2814 inuitent.
697 2773 802 2813 Erat
830 2771 874 2813 in
900 2771 970 2813 his
993 2771 1133 2813 laicus
1163 2771 1256 2826 qui,
1284 2785 1385 2813 cum
1419 2771 1532 2813 male
1562 2770 1616 2812 de
1640 2771 1718 2814 So-

88 2952 169 2983 ctor
186 2951 341 2995 collegii
360 2951 537 2987 tiburtini
562 2958 656 2997 erat,
678 2958 719 2986 ut
738 2963 785 2987 ex
805 2952 889 2997 ejus
916 2953 1054 2988 litteris
1073 2953 1270 2997 colligitur
1294 2953 1410 2997 (inter
1439 2964 1529 2990 mss.
1553 2952 1720 2987 Societa-

91 3005 172 3050 tis).
