1971 3276
540 243 676 279 EPIST.
701 249 924 285 iio—1505
952 249 1038 276 AUT
1069 242 1158 284 1506
1566 252 1633 287 549

44 344 129 384 hoc
153 342 270 385 bello
296 342 404 383 mori
428 342 730 397 contingeret,
757 342 1037 393 decessuros,
1065 342 1275 384 omnibus
1305 342 1502 396 denique
1534 343 1610 396 qui
1633 343 1677 383 in

44 420 128 460 hoc
152 419 268 461 bello
289 418 451 460 mortui
476 418 641 461 fuerint
665 432 771 461 uere
806 418 1139 472 poenitentibus
1163 427 1297 473 atque
1333 418 1570 470 confessis,
1599 433 1678 460 seu

43 496 117 549 qui
141 494 385 537 confitendi
417 495 695 549 propositum
720 494 900 536 statutis
929 510 954 536 a
988 495 1083 537 iure
1116 495 1392 549 temporibus
1418 496 1674 547 habuerint,

44 572 98 613 de
121 571 320 613 eiusdem
346 570 428 613 Dei
452 570 753 612 misericordia
773 578 816 614 et
840 572 1085 613 eorundem
1107 573 1410 626 apostolorum
1436 571 1678 613 authorita-

46 656 88 689 te
118 647 295 700 confisi,
329 647 502 702 plenam
538 647 739 688 omnium
778 655 1063 702 peccatorum
1103 662 1154 690 ac
1192 648 1456 689 delictorum
1495 662 1677 689 suorum

45 724 220 767 ueniam
245 734 288 766 et
313 723 660 778 indulgentiam,
687 731 731 766 et
761 724 948 767 eandem
981 724 1288 767 remissionem
1320 739 1435 778 quae
1464 724 1509 765 in
1531 724 1676 766 subsi-

43 800 165 842 dium
191 801 357 843 Terrae
382 801 574 843 Sanctae
597 801 825 853 euntibus,
849 810 892 842 et
917 801 959 841 in
980 816 1099 842 anno
1119 801 1279 855 jubilei
1306 803 1490 842 Romam
1519 809 1678 855 peten-

44 877 162 918 tibus
185 877 278 919 dari
301 876 431 918 solita
453 885 536 926 est,
563 876 852 919 concedimus
876 877 918 918 in
945 877 1137 919 Domino
1161 886 1205 920 et
1228 877 1487 932 elargimur;
1522 885 1566 919 et
1590 891 1679 931 quo

44 953 256 995 alacriore
279 953 428 996 animo
451 953 668 995 aduersus
691 953 849 1008 impios
874 956 1024 995 hostes
1049 969 1127 1007 pro
1158 954 1302 994 diuini
1322 953 1515 994 nominis
1539 953 1680 1008 gloria

43 1037 87 1072 et
126 1030 395 1084 reipublicae
429 1030 634 1083 xpianae.
675 1031 819 1071 salute
851 1030 1081 1082 dimicent,
1116 1031 1201 1071 hoc
1235 1030 1455 1084 jubileum
1492 1045 1568 1084 per
1599 1044 1681 1071 uos

42 1106 142 1161 illis,
170 1120 270 1147 cum
301 1106 384 1160 ipsi
415 1106 594 1160 proregi
618 1105 797 1147 Siciliae
820 1114 1124 1161 opportunum
1155 1106 1300 1148 uisum
1329 1106 1477 1157 fuerit,
1505 1106 1681 1160 publice

47 1184 254 1224 uolumus
279 1182 500 1233 nunciari3
529 1183 658 1223 uobis
695 1190 844 1223 autern
872 1182 1186 1236 permittimus,
1220 1190 1269 1224 ut
1298 1183 1353 1224 ad
1383 1196 1681 1236 quaecunque

48 1260 146 1302 loca
177 1274 257 1301 uos
288 1259 524 1314 peruenire
557 1266 601 1302 et
641 1259 899 1314 ubicunque
939 1259 1203 1300 commorari
1244 1259 1507 1314 contigerit,
1545 1259 1681 1301 libere

47 1336 373 1391 poenitentium
398 1335 704 1377 confessiones
734 1336 914 1389 audire,
942 1336 1129 1378 uerbum
1152 1336 1232 1377 Dei
1254 1336 1526 1390 praedicare,
1548 1344 1591 1378 et
1616 1350 1680 1377 re-

2 1434 11 1439 *
46 1412 164 1467 liqua
189 1412 341 1453 omnia
366 1411 490 1453 iuxta
519 1420 697 1455 uestrae
720 1411 958 1456 Societatis
989 1412 1192 1454 instituta
1225 1413 1369 1456 facere
1395 1422 1530 1466 atque
1553 1426 1680 1454 exera

46 1504 146 1532 cere
170 1489 363 1544 possitis,
385 1503 476 1530 non
493 1489 778 1530 obstantibus
796 1489 1142 1542 quibuscunque
1161 1489 1204 1530 in
1223 1489 1496 1531 contrarium
1520 1488 1681 1532 facien-

47 1565 181 1608 tibus.
225 1566 361 1620 Quod
400 1565 436 1607 si
476 1573 572 1620 post
613 1565 891 1608 melitensem
930 1565 1263 1619 expeditionem
1304 1573 1544 1620 peractam,
1584 1580 1681 1607 earn

46 1643 231 1684 classem
260 1641 597 1696 exercitumque
627 1642 668 1682 in
700 1641 829 1683 aliam
861 1642 1190 1696 expeditionem
1220 1643 1438 1684 aduersus
1476 1642 1679 1684 infideles

46 1719 108 1761 ire
132 1718 391 1773 contigerit,
420 1719 501 1759 has
524 1718 703 1761 easdem
725 1718 976 1772 facultates,
1000 1719 1291 1762 remissiones
1314 1727 1357 1760 et
1379 1718 1683 1773 indulgentias
1733 1726 1736 1729 '

46 1795 206 1837 durare
233 1795 443 1836 uolumus
462 1809 697 1848 quousque
715 1808 767 1836 ea
785 1808 965 1849 quoque
984 1795 1356 1849 expeditiofinita
1375 1794 1447 1845 sit,
1467 1802 1510 1836 et
1529 1793 1565 1836 si
1584 1794 1683 1847 quis

49 1878 246 1912 uestrum
278 1871 321 1913 in
360 1873 444 1913 hoc
477 1870 722 1913 ministerio
757 1872 854 1913 Deo
898 1879 942 1913 et
965 1871 1121 1913 salutis
1154 1871 1403 1913 animarum
1437 1870 1686 1912 inseruiens

47 1961 148 1990 cum
189 1947 457 1989 contritione
496 1948 759 2000 decesserit,
800 1949 988 1990 eandem
1028 1948 1355 2003 indulgentiam
1390 1954 1433 1990 et
1462 1947 1681 2001 jubileum

48 2024 263 2078 consequi
289 2024 514 2077 uolumus,
536 2038 615 2079 pro
638 2024 943 2068 satisfactione
973 2027 1056 2066 hos
1085 2025 1124 2065 ei
1156 2024 1251 2079 pios
1282 2026 1457 2066 labores
1487 2032 1529 2066 et
1564 2023 1683 2065 uitae

47 2099 293 2154 periculum
328 2100 614 2155 imputantes.
654 2103 819 2143 Datum
855 2103 1021 2143 Romae
1056 2102 1175 2156 apud
1209 2102 1428 2144 Sanctum
1461 2101 1678 2150 Marcum,

47 2177 131 2218 sub
149 2177 315 2219 annulo
334 2176 581 2231 piscatoris,
607 2178 678 2219 die
706 2179 777 2234 qa
796 2178 995 2233 Augusti
1037 2178 1164 2231 1565,
1188 2178 1348 2232 pontif.
1387 2177 1526 2218 nostri
1564 2189 1681 2218 anno

47 2252 131 2296 6.0.
159 2254 384 2295 Antonius
408 2254 691 2305 Florebellus,
715 2255 1002 2298 lauellinus.»

138 2329 207 2372 26.
274 2331 332 2373 Se
355 2345 412 2373 ne
435 2331 636 2386 andorno
666 2331 810 2385 questi
840 2330 951 2374 detti
967 2331 1115 2373 xPadri
1148 2339 1192 2373 et
1223 2330 1372 2371 alcuni
1404 2329 1563 2371 fratelli
1596 2342 1682 2370 con

48 2405 148 2458 essi,
172 2413 215 2447 et
239 2421 287 2449 se
311 2407 425 2449 bene
447 2406 556 2449 certi
582 2421 636 2449 ne
659 2408 980 2459 ammalorono,
1005 2415 1048 2449 et
1077 2421 1164 2448 uno
1197 2407 1239 2447 di
1266 2407 1358 2447 loro
1389 2407 1434 2446 fu
1458 2406 1606 2448 leuato
1628 2405 1683 2446 da

49 2481 134 2523 Dio
156 2483 213 2525 N.
240 2484 287 2526 S.
315 2499 339 2525 a
361 2482 538 2537 miglior
563 2484 655 2524 uita
680 2482 730 2535 ²⁴,
757 2483 792 2525 si
816 2483 998 2526 diedero
1021 2483 1121 2525 altri
1144 2483 1186 2524 di
1220 2482 1374 2526 Sicilia
1406 2482 1449 2523 in
1480 2495 1562 2523 suo
1586 2483 1680 2523 luo—

50 2573 127 2613 go,
155 2567 197 2602 et
223 2559 327 2601 tutti
351 2574 427 2614 per
451 2567 567 2602 terra
589 2567 632 2602 et
656 2573 734 2614 per
757 2574 878 2600 mare
909 2559 1262 2613 s'impiegorono
1288 2559 1330 2599 in
1362 2559 1465 2613 quel
1489 2558 1576 2600 che
1608 2572 1682 2612 po-

52 2642 227 2678 tettero.
250 2637 304 2677 Et
326 2637 371 2677 fu
390 2636 476 2678 Dio
494 2637 552 2678 N.
575 2637 620 2680 S.
644 2636 814 2678 seruito
837 2638 880 2677 di
904 2637 998 2677 loro
1023 2636 1065 2676 in
1090 2636 1227 2677 molte
1250 2650 1370 2678 cose.
1400 2636 1454 2676 Et
1474 2635 1543 2677 cio
1567 2634 1681 2676 basti

51 2712 190 2754 hauer
212 2712 337 2754 detto
359 2719 529 2766 quanto
552 2727 576 2754 a
599 2712 639 2755 la
663 2713 804 2767 prima
829 2721 952 2765 parte
983 2713 1037 2754 de
1061 2713 1101 2754 le
1125 2726 1229 2754 cose
1251 2712 1307 2752 de
1331 2712 1371 2753 la
1401 2711 1682 2765 Compagnia

51 2788 94 2829 di
119 2789 258 2830 Roma
282 2788 356 2843 piu
382 2788 640 2831 uniuersali.
668 2789 793 2830 Hora
816 2789 912 2831 diro
943 2789 1013 2830 del
1039 2788 1304 2844 particolare
1333 2787 1376 2828 di
1401 2794 1557 2841 questa
1580 2801 1684 2829 casa

51 2871 96 2905 et
118 2864 312 2918 collegii,
338 2872 507 2919 quanto
524 2864 583 2905 mi
603 2865 758 2919 parera
779 2866 866 2906 che
883 2864 996 2906 basti
1018 2879 1096 2919 per
1118 2864 1147 2905 il
1172 2865 1260 2906 fine
1283 2865 1366 2906 che
1390 2864 1424 2905 si
1450 2864 1679 2918 pretende.

105 3027 135 3046 ²⁴
184 3028 226 3065 P.
251 3029 429 3073 Angelus
450 3028 682 3074 Hiparchus,
702 3029 968 3063 anconitanus.
992 3029 1250 3071 SACCHINUS‚
1271 3040 1306 3074 p.
1328 3028 1398 3073 III,
1419 3029 1442 3064 l.
1464 3028 1493 3071 Ι,
1514 3041 1550 3066 n,
1571 3030 1629 3073 64.
