1971 3276
239 235 309 279 604
741 234 852 270 Pom
861 243 931 269 NCI
959 243 1277 270 COMPLEMENTA

192 337 361 378 douero
384 336 412 377 il
437 335 676 391 pontefice,
698 335 869 378 aiutato
887 335 957 378 dal
977 336 1191 378 bracchio
1211 335 1408 378 secolare
1425 335 1497 377 del
1516 335 1678 389 vicere,
1704 335 1829 377 final-

194 421 342 456 mente
365 413 547 455 l'hanno
570 419 812 455 accetatto.

283 501 324 543 7.
391 491 705 544 Quantumque
730 502 814 531 con
839 490 880 532 le
907 488 1253 532 estraordinarie
1285 502 1432 544 spese,
1459 489 1514 531 de
1542 489 1583 531 le
1613 489 1731 543 quali
1755 489 1830 544 gia

194 567 385 608 un'altra
409 567 531 608 uolta
557 567 617 607 ho
639 565 745 608 dato
763 565 907 617 auiso,
934 566 969 607 si
990 573 1179 608 trouaua
1200 580 1370 620 pouero
1393 566 1437 607 di
1462 565 1614 607 denari
1639 565 1668 606 il
1700 580 1827 621 papa,

195 643 529 687 nientedimeno
553 656 637 684 con
660 643 701 684 la
726 636 996 697 parsimonia
1013 642 1277 694 domestica,
1299 656 1434 684 senza
1458 656 1623 697 grauar
1642 642 1669 683 li
1694 656 1832 697 popo-

194 721 235 771 li,
261 719 315 762 ne
338 721 565 762 concedet
587 733 693 762 cose
715 727 873 761 contra
897 718 925 760 il
949 718 1158 771 concilio,
1186 733 1273 760 non
1300 719 1328 760 li
1354 733 1574 761 mancano
1596 719 1750 761 denari
1771 719 1830 761 da

192 797 429 851 spendere‚
457 797 639 850 quando
663 792 691 837 li
715 795 737 838 ὲ
761 795 805 837 di
834 795 1045 851 bisogno.
1082 797 1137 838 Et
1165 795 1278 848 cosi,
1314 797 1496 851 quando
1526 796 1728 838 l'armata
1759 796 1829 838 del

194 883 320 915 turco
351 873 516 915 ueniua
546 887 678 916 uerso
712 875 750 914 le
775 881 890 916 terre
919 873 1035 914 della
1069 872 1221 923 chiesa
1251 873 1367 916 nella
1398 875 1549 916 Marca
1571 873 1825 927 d’Ancona,

193 965 326 991 senza
359 951 555 1004 guardar
588 950 672 991 alla
706 963 851 1004 spesa,
886 951 982 992 fece
1011 949 1165 991 subito
1198 963 1286 992 una
1317 950 1468 992 buona
1497 949 1757 1004 prouisione
1785 948 1831 990 di

192 1035 341 1081 gente,
375 1027 550 1068 benche
585 1026 708 1068 lddio
739 1027 785 1068 fu
813 1026 1000 1079 seruito,
1034 1028 1119 1069 che
1154 1041 1242 1068 non
1280 1034 1534 1069 toccassero
1570 1025 1723 1069 niente
1758 1025 1830 1068 nel

194 1111 311 1145 stato
334 1102 655 1146 ecclesiastico.

282 1181 355 1222 Ha
377 1187 609 1234 comprato
632 1193 796 1221 ancora
819 1194 880 1221 un
905 1181 1086 1235 palazzo
1107 1180 1350 1235 principale
1374 1193 1451 1235 per
1479 1179 1505 1220 li
1533 1180 1828 1221 cathecume-

193 1258 236 1298 ni
259 1256 308 1308 ¹⁰‚
330 1258 413 1299 che
437 1266 629 1298 stauano
647 1257 786 1298 molto
803 1257 1049 1299 scommodi
1068 1257 1111 1299 di
1132 1257 1427 1312 habitatione,
1451 1265 1494 1298 et
1514 1259 1569 1298 ha
1591 1257 1702 1298 fatto
1725 1256 1831 1297 mol·

193 1342 235 1375 te
273 1342 317 1376 et
356 1334 482 1375 uarie
520 1334 750 1385 lemosine,
787 1334 984 1390 quando}
1007 1349 1031 1376 a
1069 1334 1240 1389 poueri,
1279 1335 1459 1388 quando
1498 1348 1522 1375 a
1561 1332 1824 1388 passagieri,

192 1411 372 1465 quando
395 1426 419 1452 a
442 1411 589 1453 zitelle
612 1411 697 1452 che
722 1425 810 1452 non
835 1407 1083 1454 haueuano'
1098 1412 1140 1454 la
1161 1412 1284 1464 dote,
1309 1418 1354 1453 et
1372 1425 1396 1452 a
1420 1410 1543 1452 molti
1567 1410 1665 1452 altri
1690 1423 1824 1464 poue-

192 1487 226 1527 ri
250 1487 443 1539 infermi,
469 1495 514 1528 et
538 1487 747 1530 massime
770 1487 917 1542 questi
947 1487 1057 1530 mesi
1090 1487 1255 1542 passati
1283 1487 1327 1528 di
1357 1487 1592 1530 Setembre
1623 1494 1666 1528 et
1698 1486 1828 1529 Otto-

191 1565 284 1614 bre,
311 1566 395 1607 che
419 1564 494 1624 qui
519 1565 562 1605 in
591 1565 733 1606 Roma
755 1565 780 1606 e
803 1572 920 1606 stato
945 1579 1005 1606 un
1030 1579 1142 1619 gran
1169 1578 1358 1608 numero
1377 1565 1431 1605 de
1456 1563 1611 1618 poueri
1631 1562 1824 1614 infermi,

192 1650 236 1683 et
260 1641 539 1682 cominciaua
563 1656 586 1683 a
613 1641 746 1683 morir
769 1642 906 1683 molta
930 1649 1081 1696 gente.
1119 1642 1174 1683 Et
1204 1642 1414 1684 hauendo
1440 1642 1480 1682 la
1512 1648 1665 1682 nostra
1695 1640 1831 1682 Com-

194 1717 360 1772 pagnia
389 1717 660 1759 cominciato
690 1718 745 1759 ad
775 1718 919 1760 aiutar
951 1718 1155 1773 spiritual
1184 1726 1228 1759 et
1260 1718 1630 1773 temporalmente
1661 1715 1828 1771 alcuni,

192 1795 395 1836 andorno
420 1794 492 1835 doi
516 1795 585 1838 de’
612 1794 753 1836 nostri
778 1809 862 1836 con
888 1809 947 1836 un
973 1793 1302 1849 gentil’huomo
1328 1808 1513 1836 romano
1543 1809 1567 1836 a
1592 1796 1656 1836 far
1685 1793 1826 1836 inten-

189 1871 296 1913 dere
320 1879 478 1925 questa
505 1870 724 1912 necessita
749 1885 773 1912 a
796 1885 877 1912 sua
899 1870 1078 1922 santita,
1106 1871 1231 1914 accio
1255 1872 1295 1912 la
1317 1871 1534 1914 fauorisse
1558 1878 1602 1912 et
1622 1870 1824 1922 aiutassi;

189 1956 233 1989 et
257 1948 298 1988 10
323 1955 536 1988 trouorno
561 1948 699 1988 molto
722 1948 880 1989 afflitto
905 1962 981 2002 per
1006 1956 1167 2002 questo
1192 1948 1369 2002 istesso,
1391 1956 1435 1989 et
1460 1961 1545 1990 con
1570 1947 1743 2003 grande
1765 1947 1827 1989 af-

192 2025 302 2065 fetto
326 2024 369 2065 di
393 2023 562 2066 charita
588 2025 730 2079 prego
752 2025 838 2066 che
861 2025 900 2065 la
925 2025 1208 2080 Compagnia
1242 2034 1394 2067 nostra
1423 2024 1636 2079 pigliasse
1668 2031 1828 2079 questo

190 2108 377 2143 assunto
415 2100 770 2156 (potendoglielo
809 2102 948 2143 molto
986 2102 1072 2145 ben
1107 2102 1386 2155 comandar),
1423 2109 1466 2143 et
1500 2102 1618 2143 disse
1651 2103 1734 2142 che
1767 2100 1829 2142 lui

190 2178 529 2233 prouederebbe
568 2178 624 2221 de
653 2178 810 2220 danari
847 2185 1018 2220 mentre
1053 2178 1079 2219 li
1114 2179 1309 2230 hauessi,
1345 2188 1390 2221 et
1424 2178 1718 2221 satisfarebbe
1751 2177 1822 2220 alli

191 2254 366 2305 medici,
395 2264 439 2297 et
461 2254 505 2296 di
529 2269 608 2296 sua
631 2254 846 2309 specieria
868 2255 1047 2296 farebbe
1072 2255 1151 2296 dar
1177 2263 1291 2297 tutte
1315 2256 1356 2299 le
1376 2255 1594 2298 medicine
1620 2268 1824 2296 necessa·

191 2332 269 2374 rie.
298 2332 353 2373 Et
376 2331 487 2382 cosi,
513 2345 597 2373 con
622 2332 663 2373 la
688 2331 904 2374 liberalita
927 2332 970 2373 di
994 2347 1076 2374 sua
1099 2333 1279 2383 santita,
1301 2340 1345 2374 et
1368 2333 1436 2374 col
1457 2333 1577 2374 buon
1601 2330 1822 2385 essempio

189 2410 272 2449 che
296 2409 425 2450 diede
449 2409 521 2450 alli
540 2408 753 2450 cardinali
773 2416 816 2449 et
836 2408 907 2449 alli
926 2409 1114 2460 romani,
1140 2410 1264 2451 accio
1284 2409 1532 2451 aiutassero
1557 2408 1601 2449 di
1624 2422 1704 2449 sua
1729 2421 1825 2462 par·

189 2493 247 2535 te,
274 2486 308 2526 si
332 2499 444 2526 sono
467 2484 622 2527 aiutati
648 2484 723 2540 piu
752 2484 795 2526 di
820 2484 939 2527 mille
968 2494 1011 2526 et
1037 2496 1137 2538 200,
1163 2500 1189 2526 o
1214 2498 1297 2538 3oo
1321 2484 1498 2528 infermi
1528 2483 1755 2535 ordinarii3
1784 2490 1830 2526 et

192 2575 356 2603 ancora
390 2561 568 2616 seguita
602 2562 642 2603 la
675 2560 890 2603 lemosina
923 2568 968 2604 et
1003 2562 1153 2603 buona
1184 2576 1335 2616 opera,
1379 2568 1675 2615 quantunque
1714 2573 1828 2602 sono

189 2638 352 2690 guariti
378 2638 518 2689 molti,
545 2646 589 2680 et
612 2638 687 2691 gia
711 2638 733 2680 ὲ
761 2639 897 2679 molto
922 2638 1066 2680 minor
1095 2638 1124 2679 il
1148 2652 1336 2680 numero
1369 2638 1417 2680 ¹¹.
1446 2640 1520 2681 Ma
1540 2638 1666 2680 basta
1688 2637 1730 2678 lo
1753 2650 1826 2678 so·

188 2714 393 2766 pradetto
418 2728 495 2768 per
520 2715 693 2758 lettere.
722 2714 808 2757 Dio
832 2715 887 2758 N.
917 2716 964 2758 S.
988 2715 1059 2757 dia
1078 2730 1102 2758 3
1121 2724 1280 2769 questo
1308 2729 1391 2758 suo
1416 2714 1581 2756 vicario
1605 2714 1645 2756 la
1669 2713 1762 2755 uita
1782 2719 1827 2755 et

187 2789 330 2830 sanita
354 2792 438 2832 che
461 2805 538 2846 per
561 2791 590 2832 il
615 2792 729 2835 bene
751 2791 795 2834 di
818 2806 899 2833 sua
922 2800 1050 2834 santa
1074 2791 1225 2834 chiesa
1250 2793 1364 2834 uede
1382 2805 1531 2833 essere
1551 2789 1825 2832 conuenien-

258 2911 286 2929 ¹⁰
336 2911 542 2956 Templum
574 2920 613 2948 et
645 2920 801 2949 vetusta
832 2914 1007 2950 aedificia
1038 2914 1111 2951 Sti.
1141 2915 1287 2950 Basilii.
1325 2914 1560 2958 GABUTIUS,
1597 2914 1663 2948 ubi
1699 2922 1831 2957 supra»

187 2979 271 3014 cap.
293 2969 343 3014 11,
363 2981 453 3014 pag.
474 2978 557 3014 701.

260 3028 286 3047 ¹¹
338 3028 575 3074 GABUTms,
598 3030 695 3065 ibid.
720 3031 780 3066 Cf.
803 3031 964 3067 iuferius
984 3032 1098 3078 epist.
1124 3032 1202 3075 128,
1225 3044 1290 3067 nn.
1312 3031 1436 3076 43-56.
