1971 3276
0 3124 17 3276 fflm'

557 232 693 267 EP18T.
721 230 879 275 74.—31
911 231 1158 266 DEcfflissms
1191 231 1277 274 1562
1622 231 1690 266 333

95 333 367 388 iuuentutis,
401 340 445 376 et
476 346 591 386 quae
622 339 726 373 sunt
760 331 802 373 id
833 345 994 386 genus,
1028 331 1089 373 ita
1117 331 1339 385 exerceri,
1376 339 1422 373 ut
1461 333 1735 374 studentium

99 423 312 453 numerus
335 417 379 451 et
403 408 697 450 confessionis
720 415 856 462 atque
882 407 1193 450 Eucharistiae
1217 416 1495 450 sacramenta
1522 410 1708 462 frequen

37 535 43 541 ,
100 486 289 528 tantium
314 485 485 527 auctior
507 484 552 525 in
571 484 665 527 dies
690 484 782 536 fiat3
811 485 1002 539 populus
1028 498 1135 525 uero
1160 498 1269 539 erga
1293 484 1566 527 Societatem
1591 486 1736 539 magis

100 561 333 604 afficiatur.
363 563 415 604 Et
449 561 686 603 tusculano
709 561 889 615 quidem
923 561 1114 616 collegio
1145 561 1231 603 iam
1255 561 1430 603 scholas
1454 575 1505 602 ea
1534 576 1728 603 commu>

101 638 216 680 nitas
238 638 394 689 erexit,
416 652 526 693 quas
545 638 693 680 adhuc
716 652 945 692 nunquam
965 637 1107 679 nostri
1131 639 1399 689 habuerar1t;
1427 652 1510 680 nec
1535 638 1737 680 aedificio

101 714 278 770 collegii
300 715 464 770 exigua
487 729 590 769 pars
615 714 819 757 accessit.
849 715 979 769 Quae
1012 714 1094 756 tria
1124 714 1315 768 collegia
1344 722 1515 768 quanto
1544 715 1632 756 sint
1664 729 1736 756 ro-

101 791 242 832 manis
266 790 477 833 fratribus
507 791 773 842 commodo,
807 792 879 834 uel
913 792 999 833 hac
1030 797 1200 834 aestate
1228 790 1400 846 experti
1430 805 1603 842 sumus,
1637 805 1738 833 cum

102 867 227 908 multi
251 867 326 922 qui
357 881 513 922 parurn
544 867 671 909 firma
703 875 829 910 erant
857 866 1131 919 valetudine,
1164 866 1238 908 illo
1268 867 1532 918 transmissi,
1560 875 1740 922 propter

100 943 214 986 aeris
243 943 551 985 salubritatem
584 943 763 985 sanitati
798 943 888 985 sint
917 943 1126 998 restituti,
1155 950 1199 985 et
1219 943 1391 985 uiribus
1422 944 1477 985 ad
1500 944 1647 985 studia
1673 958 1738 984 re-

105 1020 297 1074 petenda
316 1019 584 1061 confirmati.

191 1097 316 1139 Haec
338 1103 443 1138 sunt
467 1111 582 1151 quae
611 1096 846 1138 scribenda
870 1096 977 1138 mihi
1003 1111 1100 1139 sese
1122 1098 1207 1138 hoc
1234 1104 1434 1151 ternpore
1455 1097 1735 1139 obtulerunt.

107 1173 331 1228 Dignetur
355 1172 576 1215 Dominus
600 1174 724 1215 Iesus
750 1172 961 1215 Christus
984 1174 1099 1214 hanc
1124 1187 1251 1215 suam
1277 1172 1503 1214 minimam
1533 1172 1738 1216 Societa-

102 1257 190 1292 tem
215 1258 258 1291 et
283 1264 471 1292 numero
501 1257 545 1292 et
568 1249 861 1304 amplioribus
889 1264 996 1292 suae
1020 1249 1241 1304 largitatis
1271 1249 1533 1291 muneribus
1559 1263 1734 1304 promo*

105 1340 225 1378 uere,
258 1333 307 1368 ut
335 1340 424 1381 quo
453 1333 639 1367 auctore
667 1327 779 1368 haec
803 1333 933 1381 gesta
961 1332 1086 1376 sunt,
1121 1325 1278 1368 eodem
1308 1333 1563 1380 promotore
1594 1326 1741 1367 maius

104 1402 335 1458 maiusque
364 1402 406 1444 in
438 1402 533 1445 dies
566 1402 744 1457 capiant
775 1402 1119 1453 incrementum,
1153 1401 1198 1443 in
1238 1401 1450 1443 maiorem
1485 1402 1625 1456 ipsius
1654 1402 1738 1444 Dei

103 1479 290 1534 gloriam
320 1487 364 1521 et
396 1479 703 1535 proximorum
727 1479 934 1530 salutem3
968 1492 1157 1532 eamque
1187 1479 1244 1520 ob
1273 1492 1453 1520 causam
1479 1493 1568 1520 non
1593 1479 1738 1520 solum

105 1570 201 1611 uos,
246 1558 404 1598 Patres
444 1557 695 1610 fratresque
725 1554 1000 1606 charissimi,
1034 1555 1108 1608 qui
1140 1554 1275 1597 huius
1305 1554 1542 1598 Societatis
1572 1555 1739 1596 alumni

105 1633 230 1683 estis,
256 1633 335 1675 sed
364 1647 441 1675 eos
465 1632 598 1674 etiam
623 1645 779 1674 Omnes
809 1632 863 1673 ad
888 1645 1001 1686 quos
1025 1632 1111 1673 hae
1134 1631 1307 1673 litterae
1332 1631 1633 1685 peruenerint,
1662 1645 1718 1675 ue
1765 1683 1769 1686 ⁸

103 1710 334 1751 hementer
358 1723 587 1764 rogamus,
615 1716 663 1750 ut
687 1722 785 1750 eam
809 1707 1002 1750 Domino
1026 1707 1118 1749 suis
1141 1706 1478 1762 precationibus
1501 1721 1707 1749 commen

105 1785 229 1826 dent.
258 1786 441 1837 Romae,
469 1785 610 1840 pridie
635 1785 844 1828 calendas
870 1783 1078 1835 Ianuarii,
1106 1798 1225 1826 anno
1249 1784 1381 1837 1562.

196 1863 248 1904 R.
277 1863 326 1904 P.
356 1863 431 1915 T.,
464 1876 518 1904 ex
542 1861 855 1903 commissione
887 1862 942 1903 R.
978 1861 1028 1903 P.
1052 1860 1240 1902 rectoris
1265 1859 1314 1911 ¹¹,
1350 1860 1565 1915 indignus
1590 1860 1633 1901 in
1659 1862 1742 1904 X.⁰

113 1938 245 1990 filius,

791 2015 1091 2057 FRANms-cos
1125 2013 1416 2056 STEPHANUS
1453 2012 1502 2056 ¹2.

163 2191 189 2210 ¹¹
240 2191 381 2225 Rector
400 2190 555 2234 collegii
573 2190 720 2224 romani
739 2195 821 2224 erat
840 2189 882 2223 P.
904 2189 1159 2224 Sebastianus
1178 2189 1385 2223 Romaeus.

162 2250 190 2269 ¹2
241 2250 300 2283 De
319 2249 390 2283 hoc
410 2249 514 2283 socio
533 2249 626 2283 nihil
648 2248 728 2283 fere
753 2248 930 2284 invenire
951 2247 1158 2293 potuimus.
1187 2249 1245 2282 Ex
1263 2247 1396 2282 codice
1426 2259 1502 2283 ms.
1535 2246 1744 2281 Societatis

109 2307 377 2349 Professiones
402 2311 438 2342 et
463 2310 551 2341 vota
578 2308 626 2342 ab
652 2318 758 2341 mzno
783 2315 884 2351 1554
902 2308 955 2341 ad
981 2306 1093 2351 1576,
1121 2312 1279 2352 apparet
1304 2318 1391 2340 eum
1418 2311 1507 2340 vota
1534 2316 1743 2340 renovasse

113 2367 256 2401 Romae
275 2366 337 2401 die
366 2365 415 2401 Ι.ὃ
440 2365 613 2411 Januarii
643 2366 745 2409 1562,
773 2366 838 2400 ubi
865 2367 1080 2411 appellatur
1107 2366 1240 2399 Franc.
1269 2365 1404 2409 Steph.
1433 2364 1676 2399 Valentinus.
1700 2364 1743 2398 In

117 2425 308 2471 Catalogo
332 2428 471 2460 cavato
502 2426 565 2460 del
594 2425 751 2460 libro...
789 2425 852 2459 del
883 2428 1158 2470 procuratore,
1190 2423 1386 2458 invenitur
1414 2422 1461 2457 ad
1480 2422 1582 2457 diem
1604 2423 1626 2456 6
1655 2424 1741 2468 Jan.

115 2485 204 2527 1560
222 2483 375 2529 quidam
398 2484 610 2519 Francesco
630 2483 908 2529 Stephanonio,
926 2483 991 2529 qui
1011 2483 1112 2517 idem
1133 2493 1220 2516 esse
1241 2481 1407 2519 videtur.
