1971 3276
600 199 736 233 Epis‘r.
761 206 935 241 104—14
962 197 1072 242 JULII
1106 200 1194 239 1504
1597 203 1661 239 471

91 307 200 343 rent.
229 299 288 342 Hi
312 299 488 354 legibus
513 306 721 341 tenentur
745 297 934 352 singulis
957 296 1249 339 hebdomadis
1266 295 1485 346 confiteri,
1506 303 1549 338 et
1574 295 1710 350 prima

88 376 309 430 cuiusque
327 375 493 418 mensis
516 374 738 417 dominica
761 388 930 416 sacram
952 372 1276 415 Eucharistiam
1300 386 1493 423 sumere3
1516 371 1576 414 rei
1601 371 1712 413 diui-

90 467 174 495 nae
197 452 399 507 quotidie
422 451 639 494 interesse
661 459 692 502 ³,
721 450 953 503 rosarium,
979 450 1049 492 uel
1073 448 1285 503 officium,
1313 456 1360 490 ut
1388 448 1528 499 aiunt,
1555 449 1712 491 beatae

93 529 292 584 Virginis
332 529 534 581 recitare;
572 536 616 570 et
657 527 851 582 uesperi,
887 526 1155 569 lectionibus
1193 525 1425 574 absolutis,
1467 525 1509 567 in
1549 525 1713 568 sacello

90 607 211 660 quod
240 606 354 647 intra
388 605 627 660 collegium
660 605 844 656 habent,
882 618 958 658 per
988 603 1237 646 semihorae
1264 602 1465 656 spacium
1496 601 1637 656 primo
1665 601 1709 643 in

90 696 241 738 genua
264 681 486 736 prouoluti
513 681 615 724 boni
640 680 805 736 aliquid
833 679 1053 728 meditari,
1079 679 1240 722 deinde
1269 678 1375 733 quid
1404 678 1478 719 illo
1500 679 1571 721 die
1595 679 1709 721 fece·
1732 727 1742 740 Δ

90 758 177 800 rint
200 772 438 813 exponere,
476 765 519 800 et
554 758 661 812 quid
691 756 896 812 sequenti
926 770 1061 811 agere
1083 763 1160 797 aut
1183 755 1384 797 meditari
1409 756 1615 807 debeant,
1640 769 1713 797 co-

90 849 323 890 gnoscere.
351 835 422 876 Ad
448 836 561 877 haec
586 834 629 875 in
655 834 827 884 eodem,
859 847 1014 874 uerum
1038 831 1168 873 solito
1199 831 1561 886 magnificentius
1582 845 1709 874 orna-

88 918 135 953 to
158 911 337 961 sacellO,
364 925 539 953 sacrum
566 917 610 953 et
632 924 839 964 vesperas
862 924 954 950 non
979 908 1153 950 insuaui
1174 922 1460 950 numerorum
1480 914 1524 949 et
1550 921 1709 949 uocum

88 987 394 1029 moderatione
414 986 538 1028 festis
562 986 721 1028 diebus
744 999 922 1036 canere;
945 991 1098 1026 nostro
1121 984 1163 1025 in
1188 985 1352 1039 templo
1369 984 1612 1027 conciones
1634 998 1709 1027 au-

85 1063 195 1115 dire;
225 1063 493 1117 pauperibus
516 1062 750 1115 inseruire3
783 1062 1081 1116 diuorumque
1110 1060 1332 1115 reliquias,
1366 1060 1522 1103 ueniae
1550 1074 1708 1104 conse-

86 1140 291 1195 quendae
314 1139 470 1194 gratia,
499 1139 677 1182 uisitare
701 1140 861 1182 solent.
894 1138 947 1180 Et
976 1152 1064 1191 quo
1093 1137 1286 1187 denique
1320 1136 1533 1179 foeliciter
1562 1137 1710 1179 omnia

86 1217 182 1259 Deo
206 1217 386 1259 fauente
409 1216 669 1267 succedant,
698 1229 969 1270 quamquam
988 1221 1106 1257 totae
1124 1213 1465 1268 congregationi
1490 1213 1551 1266 (in
1577 1228 1708 1268 quam

86 1293 139 1335 iis
170 1292 306 1334 initiis
339 1293 394 1334 ad
429 1291 731 1347 septuaginta,
765 1293 857 1334 fere
890 1305 1046 1334 omnes
1080 1290 1222 1345 pueri,
1259 1290 1441 1332 nomina
1474 1291 1710 1343 dederunt)

89 1384 204 1412 unus
230 1372 411 1412 Patrum
437 1369 615 1424 collegii
641 1370 911 1422 moderetur,
939 1367 1021 1422 ipsi
1052 1367 1341 1410 nihilominus
1369 1382 1423 1410 ex
1453 1367 1708 1422 prudentio-

87 1446 210 1488 ribus
232 1454 276 1489 et
299 1446 542 1488 maioribus
565 1453 688 1497 natu,
718 1446 991 1500 praefectum
1025 1444 1296 1495 renuntiant,
1328 1443 1456 1485 cuius
1485 1444 1528 1485 in
1560 1443 1710 1498 primis

84 1523 280 1564 officium
305 1530 372 1565 est
394 1522 632 1564 duodecim
663 1521 799 1564 ueluti
829 1521 1094 1563 decuriones
1123 1520 1304 1575 eligere,
1332 1534 1578 1574 eorumque
1606 1520 1711 1563 fidei

85 1598 275 1640 diuisam
301 1599 343 1640 in
371 1598 556 1641 totidem
583 1605 730 1652 partes
755 1597 1152 1652 congregationem
1187 1597 1376 1647 tradere,
1403 1611 1459 1638 ne
1488 1596 1595 1650 quid
1625 1611 1707 1638 un-

85 1690 234 1730 quam,
259 1675 294 1716 si
327 1675 456 1716 uitari
493 1674 643 1728 possit,
679 1675 749 1716 uel
784 1674 995 1715 indecore
1028 1673 1070 1714 in
1105 1673 1210 1727 vita,
1245 1674 1316 1714 uel
1348 1673 1631 1727 negligenter
1664 1672 1707 1715 in

85 1751 244 1793 studiis
278 1752 368 1794 fiat.
404 1752 530 1793 Haec
564 1758 612 1792 ut
645 1750 818 1804 opinor,
858 1749 983 1791 facile
1018 1749 1249 1799 denotant,
1276 1749 1439 1804 quibus
1471 1750 1589 1803 apud
1627 1763 1708 1791 nos
1736 1758 1740 1761 “

85 1828 282 1870 moribus
315 1828 529 1870 iuuentus
564 1827 804 1870 imbuatur.
847 1827 960 1869 Nam
995 1833 1043 1867 ut
1077 1832 1415 1880 praeceptorum
1449 1833 1492 1868 et
1528 1825 1708 1880 collegii

87 1904 223 1945 totius
247 1903 438 1945 eruditio
462 1905 692 1958 probetur,
726 1903 851 1946 testis
881 1910 947 1945 est
985 1902 1354 1957 archiepiscopus
1383 1903 1619 1953 Columna,
1646 1902 1712 1943 vir

83 1979 256 2034 opibus,
283 1994 465 2035 genere,
492 1979 709 2033 doctrina,
736 1986 780 2022 et
806 1979 1024 2034 religione
1047 1978 1253 2033 insignis3
1281 1978 1355 2032 qui
1380 1992 1462 2020 nec
1480 1978 1601 2030 alibi,
1631 1992 1712 2021 nec

84 2057 140 2097 ab
163 2056 259 2098 aliis
282 2071 413 2110 quam
437 2056 482 2097 in
507 2056 743 2111 gymnasio
775 2068 929 2098 nostro
959 2064 1002 2098 et
1032 2069 1054 2096 a
1086 2054 1250 2097 nostris
1278 2054 1537 2105 examinari,
1564 2061 1608 2097 et
1637 2055 1711 2096 do·

83 2140 281 2175 ctoratus
305 2133 560 2188 insignibus
586 2132 733 2174 ornari
763 2132 902 2174 uoluit
927 2131 959 2174 ⁶.

179 2222 243 2252 Io.
308 2209 522 2264 Sequitur
546 2217 594 2251 ut
618 2209 816 2252 breuiter
839 2224 891 2250 ea
915 2208 1063 2250 studia
1088 2222 1360 2263 percurram,
1387 2221 1501 2261 quae
1524 2221 1612 2248 non
1634 2205 1713 2247 mi-

85 2299 169 2327 nus
192 2286 387 2328 externis
413 2286 656 2336 fructuosa,
684 2299 815 2339 quam
844 2284 1038 2326 instituti
1064 2283 1202 2325 nostri
1228 2283 1401 2338 propria
1425 2297 1539 2333 esse,
1569 2283 1711 2337 quoti-

84 2361 156 2404 die
180 2362 324 2416 magis
346 2361 616 2416 experimur.
650 2361 904 2404 Conciones
926 2361 1077 2415 itaque
1106 2362 1274 2402 Romae
1297 2374 1399 2401 cum
1428 2359 1472 2400 in
1497 2367 1649 2401 nostro
1672 2366 1715 2402 et

85 2437 181 2479 aliis
207 2437 398 2492 templis,
426 2445 519 2480 tum
544 2437 587 2479 in
619 2437 891 2491 carceribus,
931 2435 1274 2487 xoenodochiis,
1308 2435 1589 2490 publicisque
1613 2435 1713 2487 uiis,

85 2521 130 2556 et
154 2513 327 2568 plateis,
354 2528 594 2569 concursu,
627 2521 670 2557 et
703 2515 852 2556 fructu
886 2514 1081 2556 maximo
1110 2511 1399 2554 continuatae
1428 2520 1552 2556 sunt.
1576 2511 1718 2553 Audi—

156 2646 171 2663 a
222 2635 438 2670 intereesse
456 2648 526 2672 φης.

85 2746 146 2782 Cf.
170 2748 438 2791 SACCHlNUM‚
455 2760 490 2793 p,
507 2747 557 2792 ΙΙ,
575 2747 639 2785 lib,
659 2747 744 2792 VII,
762 2759 799 2782 n.
816 2755 851 2791 7,
868 2747 933 2793 qui
952 2748 1046 2781 haec
1065 2745 1184 2782 addit:
1206 2747 1458 2791 «Quanquam
1479 2756 1554 2779 non
1572 2745 1717 2780 Romae

87 2804 248 2851 primum
274 2805 311 2840 hi
337 2806 532 2851 simplices
559 2806 792 2841 discentium
817 2811 952 2840 coetus
971 2805 1107 2839 exorti.
1130 2804 1227 2839 Nam
1246 2809 1335 2838 ante
1354 2804 1455 2838 hunc
1474 2815 1614 2838 annum
1635 2804 1718 2839 Ge-

86 2875 184 2898 nuae
203 2869 242 2898 et
260 2864 443 2899 Perusiae
463 2864 697 2899 mentionem
718 2876 848 2899 earum
868 2862 1062 2909 reperi...»
1078 2863 1224 2897 Horum
1244 2874 1337 2897 vero
1354 2867 1534 2897 coetuum
1555 2862 1718 2908 primum

84 2932 288 2966 canonum,
309 2921 449 2968 quibus
468 2928 663 2967 regantur,
690 2922 955 2964 summarium,
976 2922 1014 2956 in
1032 2922 1102 2956 hac
1121 2921 1282 2966 epistola
1299 2921 1526 2956 Malavoltae
1545 2926 1718 2966 apparet.

157 2980 170 2999 ⁶
222 2980 317 3014 Vide
335 2980 446 3026 epist.
473 2989 550 3026 100,
575 2993 610 3015 n.
633 2980 673 3017 3.
