1971 3276
522 216 658 251 EPIST.
677 214 829 259 74.—-31
862 216 1102 251 DECEMBRIS
1126 218 1212 260 1562
1571 217 1637 262 317

58 316 295 360 sanctitate
325 315 446 366 viris,
479 329 590 369 quos
620 315 841 357 Dominus
873 331 927 359 ex
957 318 1040 358 hac
1071 317 1304 359 hominum
1337 318 1608 360 mortalitate
1633 319 1685 359 ad

59 393 330 435 immortales
353 393 585 434 beatorum
605 393 750 446 sedes,
773 393 926 447 paucis
951 393 1067 436 inter
1086 394 1319 449 utriusque
1338 394 1509 436 obitum
1529 394 1688 436 diebus

57 469 320 519 interiectis,
347 468 571 512 euocauit.

150 559 190 600 3.
257 546 433 588 Horum
458 545 570 587 alter
591 552 659 587 est
686 547 735 589 P.
767 547 855 588 Leo
880 545 1037 600 Lilius,
1063 547 1192 589 cuius
1217 547 1408 588 uirtutes
1432 561 1570 600 quum
1595 561 1687 601 per-

58 622 185 676 sequi
209 622 410 676 singulas
433 628 550 664 esset
573 636 710 677 prope
734 621 976 673 infinitum,
1003 622 1146 664 dicam
1168 623 1365 666 breuiter
1388 623 1536 677 aliqua
1558 624 1614 664 de
1639 623 1690 664 il-

57 699 141 741 lius
164 698 304 750 obitu,
332 705 378 740 ut
397 705 441 741 et
464 697 617 740 diuina
640 698 833 749 bonitas,
860 698 990 741 cuius
1013 706 1080 741 est
1099 699 1142 740 id
1168 707 1329 751 totum,
1351 700 1474 754 quod
1497 699 1541 740 in
1563 699 1692 741 nobis

56 782 140 826 est,
176 774 498 826 commendari,
538 781 582 815 et
622 782 825 817 nostrum
860 775 904 816 in
939 776 1085 817 zelum
1119 776 1370 819 animarum
1411 776 1691 830 uirtutesque

58 865 216 894 omnes
247 851 462 902 studium,
496 852 745 894 domestico
769 866 853 896 nec
887 852 1075 907 ignobili
1108 853 1314 908 exemplo
1336 853 1521 895 excitari
1551 853 1694 907 magis

60 928 291 983 magisque
315 927 471 982 possit.
499 928 604 983 Egit
627 928 671 969 in
696 936 848 970 nostra
871 929 1099 972 Societate
1117 929 1154 971 is
1174 929 1308 971 Pater
1331 944 1472 971 annos
1495 928 1690 971 sedecim

59 1011 182 1046 tanta
206 1018 307 1046 cum
327 1005 471 1056 laude,
493 1013 674 1058 tamque
697 1006 926 1060 praeclara
944 1006 1000 1048 de
1023 1005 1117 1048 suis
1136 1005 1379 1047 virtutibus
1401 1006 1520 1060 apud
1537 1018 1693 1048 omnes

58 1081 284 1136 opinione,
314 1088 359 1122 ut
383 1080 619 1123 offensioni
642 1081 739 1123 eius
763 1081 857 1123 uita
880 1082 1007 1133 nulli,
1030 1083 1267 1124 commodo
1292 1096 1401 1125 uero
1425 1096 1513 1123 non
1538 1097 1693 1137 parum

62 1158 209 1200 multis
234 1157 382 1200 fuerit.
411 1157 554 1200 Cuius
577 1165 752 1200 tantum
775 1166 871 1200 erat
894 1159 1036 1201 diuini
1061 1158 1246 1201 honoris
1269 1158 1485 1209 studium,
1514 1159 1625 1200 tanti
1649 1159 1694 1201 in

59 1234 294 1276 animabus
316 1234 372 1277 ad
395 1232 468 1277 X}
491 1234 753 1288 obsequium
778 1235 1053 1277 aduocandis
1082 1235 1256 1278 labores
1280 1235 1350 1289 (ad
1381 1235 1501 1289 quod
1525 1249 1691 1277 munus

61 1310 282 1366 singulari
314 1326 337 1353 a
368 1312 466 1354 Deo
497 1310 667 1366 ingenii
699 1311 968 1354 dexteritate
1001 1319 1188 1353 ornatus
1226 1311 1598 1367 compositusque
1623 1312 1694 1353 ui-

66 1388 288 1441 debatur),
315 1395 363 1429 ut
387 1402 438 1431 ea
462 1387 669 1442 phthisis,
692 1388 768 1442 qui
798 1388 914 1430 illius
953 1396 1047 1431 erat
1070 1389 1269 1441 morbuS,
1292 1388 1530 1444 praecipua
1562 1403 1697 1430 causa

14 1507 17 1509 .
65 1464 267 1508 extitisse
296 1465 521 1507 credatur.
560 1466 667 1507 Erat
705 1465 811 1508 item
843 1480 989 1507 rerum
1020 1466 1276 1507 diuinarum
1306 1465 1692 1515 meditationibus,

62 1549 281 1595 quantum
319 1548 524 1584 caeterae
555 1542 874 1596 occupationes
909 1541 1208 1596 patiebantur,
1249 1542 1473 1593 assiduus;
1521 1556 1695 1583 morum

66 1631 172 1659 uero
195 1618 541 1660 mansuetudine
564 1617 789 1671 animique
814 1618 1024 1659 facilitate
1049 1626 1186 1670 tanta,
1212 1626 1260 1660 ut
1284 1618 1326 1659 in
1352 1618 1562 1660 omnibus
1582 1633 1695 1672 quos

62 1693 148 1734 sibi
170 1694 356 1735 haberet
385 1693 641 1746 familiares,
676 1693 900 1737 mirabiles
923 1695 1138 1738 excitaret
1162 1695 1334 1737 xianae.
1368 1695 1546 1750 pietatis
1575 1709 1696 1737 amo-

62 1783 148 1811 res.
171 1771 445 1826 Quarebcum
461 1770 736 1824 singularem
754 1770 797 1812 in
816 1771 997 1814 homine
1016 1772 1250 1824 uirtutem,
1267 1786 1505 1825 rerumque
1523 1785 1693 1821 earum,

64 1859 179 1900 quae
207 1847 262 1889 ad
291 1847 335 1888 id
367 1860 512 1901 genus
545 1845 785 1901 pertinent,
822 1862 967 1901 Vsum,
1005 1847 1257 1903 superiores
1292 1847 1435 1890 nostri
1466 1847 1693 1902 intellige-

64 1930 177 1975 rent,
210 1937 293 1966 nec
325 1922 528 1965 obscuris
561 1925 692 1978 plane
725 1924 1042 1978 experimentis
1074 1923 1348 1975 didicissent,
1381 1924 1455 1964 vni
1492 1924 1538 1965 in
1574 1931 1698 1965 tanto

69 2002 249 2042 Patrurn
275 2014 460 2043 numero
484 2000 545 2042 rei
574 2000 816 2056 spiritualis
848 2000 892 2042 in
923 2002 1008 2042 hoc
1031 2001 1225 2056 collegio
1257 2001 1588 2056 promouendae
1621 2015 1697 2042 cu-

65 2090 158 2118 ram
183 2076 476 2119 tradiderunt.
504 2078 593 2118 Iam
615 2091 723 2120 uero
746 2077 790 2118 in
813 2091 865 2119 ea
883 2077 1142 2120 infirmitate
1165 2077 1381 2132 corporis,
1403 2091 1518 2131 quae
1541 2085 1584 2119 et
1603 2076 1678 2118 diu

66 2159 197 2194 turna
215 2166 298 2196 nec
316 2167 473 2207 parum
498 2154 684 2195 molesta
707 2152 907 2207 alioquin
926 2151 1035 2205 erat,
1056 2167 1158 2196 cum
1177 2154 1367 2195 eandem
1391 2153 1526 2194 animi
1546 2153 1698 2208 aequi-

66 2235 219 2284 tatem,
248 2229 377 2271 uultu
400 2229 534 2271 etiam
558 2230 715 2273 eodem
746 2237 1006 2272 constanter
1035 2230 1323 2283 declarasset,
1357 2238 1400 2271 et
1432 2236 1564 2271 nocte
1594 2243 1700 2283 qua-

65 2305 202 2356 dams
229 2320 317 2360 quo
355 2313 556 2360 tempore
593 2307 856 2357 catarrhus,
895 2317 1028 2360 quem
1068 2312 1199 2349 antea
1242 2305 1349 2357 dixi,
1389 2305 1701 2348 uehementius

64 2383 370 2436 grassabatur,
397 2383 600 2424 morbum
623 2382 940 2436 ingrauescere
963 2383 1167 2433 sentiret,
1199 2397 1246 2425 re
1269 2381 1423 2423 diuina
1446 2381 1492 2423 in
1516 2396 1598 2423 suo
1625 2396 1700 2424 cu-

67 2457 214 2500 biculo
244 2459 376 2512 facta,
412 2465 618 2500 sanctum
648 2458 858 2500 dominici
884 2458 1084 2514 corporis
1118 2459 1459 2501 Sacramentum
1492 2458 1585 2499 dari
1618 2458 1701 2500 sibi

68 2534 239 2585 ultimo,
265 2542 310 2577 et
333 2548 459 2576 sacro
481 2542 709 2577 extremae
733 2534 956 2577 Vnctionis
979 2535 1077 2578 oleo
1102 2534 1260 2589 inungi
1285 2534 1441 2576 voluit.
1470 2536 1600 2576 Tunc
1623 2549 1701 2576 vo-

68 2617 191 2652 catos
214 2611 270 2652 ad
298 2625 346 2653 se
376 2611 550 2661 fratres,
584 2610 729 2662 hilari,
767 2618 815 2652 ut
849 2625 1043 2665 semper,
1079 2611 1224 2665 uultu,
1250 2610 1471 2664 suauique
1502 2611 1703 2654 oratione

68 2686 245 2737 affatus,
273 2694 365 2728 tum
390 2686 595 2741 singulos
617 2686 673 2729 de
697 2686 763 2738 iis,
789 2700 904 2739 quae
928 2686 984 2727 ad
1008 2686 1108 2727 illos
1140 2685 1369 2739 pertinere
1402 2685 1700 2741 intelligebat,

72 2770 162 2803 tum
187 2777 345 2805 omnes
368 2762 608 2817 praecipue
632 2764 686 2805 de
718 2777 799 2804 sua
828 2762 1063 2804 vocatione
1094 2762 1284 2812 monuit,
1323 2762 1379 2803 ad
1402 2762 1701 2805 constantiam

70 2837 115 2879 in
137 2846 346 2893 suscepto
370 2838 488 2880 uitae
512 2838 720 2880 instituto
745 2838 897 2880 multis
927 2852 1003 2880 eos
1030 2837 1178 2880 uerbis
1209 2840 1429 2889 hortatus3
1459 2839 1551 2881 fore
1584 2838 1702 2882 enim

72 2913 154 2954 hac
177 2914 366 2965 ratione,
400 2921 448 2955 ut
476 2922 676 2957 extrema
706 2914 824 2958 uitae
853 2914 964 2966 dies,
999 2929 1114 2969 quae
1148 2914 1295 2955 timori
1329 2915 1480 2956 multis
1505 2929 1603 2957 esse
1635 2930 1704 2957 so-

71 2993 148 3043 let,
188 3003 311 3044 spem
343 2990 427 3033 illis
465 2998 632 3032 certam
670 2991 714 3032 in
752 2990 934 3032 Domini
970 2990 1358 3046 promissionibus,
1402 3005 1705 3046 magnamque
