1971 3276
570 215 707 249 EpisT.
733 221 909 258 117.—-19
929 213 1082 247 MARTn
1111 213 1197 256 1565
1583 219 1650 254 529

72 317 307 360 ternitates
329 323 521 370 vestrae,
543 329 591 357 se
611 322 732 357 recta
749 314 988 357 conferret.
1015 312 1282 368 Magistrum
1308 311 1549 354 Robertum
1569 317 1613 353 et
1631 309 1698 354 Si-

75 408 250 438 monem
282 392 489 435 or‘dinaui
519 391 838 441 subdiaconos,
873 404 925 431 ac
965 391 1122 432 uellem
1154 388 1287 432 etiam
1316 394 1366 430 ut
1400 393 1504 430 ante
1533 388 1699 441 pascha

73 471 323 527 proximum
347 468 363 494 b
386 469 495 511 alios
530 468 719 510 maiores
750 466 932 510 ordines
960 466 1257 522 susciperent.
1283 464 1419 520 Quod
1448 463 1483 505 si
1513 463 1695 518 dispen-

72 549 291 591 sationem
315 546 450 588 isthic
473 559 605 600 super
630 544 826 588 etatibus
848 558 1020 599 eorum,
1045 544 1121 597 qui
1143 551 1248 585 sunt
1276 543 1322 584 in
1351 542 1596 591 Societate‚
1623 540 1698 581 ob-

75 624 258 667 tinuerit
285 626 334 667 P.
370 624 443 674 V.,
479 636 577 664 eam
607 635 788 676 quoque
817 633 993 663 mecum
1022 618 1347 662 communicari
1368 631 1598 673 cuperem.
1631 617 1699 659 De

70 700 169 743 aliis
191 700 340 750 rebus,
363 712 537 741 mecum
560 696 917 747 communicatis,
944 711 1030 751 ago
1054 696 1236 751 gratias.

164 790 203 831 3.
271 777 370 831 Ego
392 782 497 818 ante
523 774 823 829 quadriduum
848 774 937 815 huc
961 772 1080 824 ueni,
1102 779 1289 828 rogatus
1312 786 1336 813 a
1360 772 1487 813 Rmo.
1516 768 1699 811 domino

75 853 426 909 archiepiscopo,
454 859 503 894 ut
526 865 825 906 properarem.
853 850 1064 893 Nondum
1090 856 1194 891 sunt
1217 849 1422 890 absoluta
1440 845 1636 897 comitia,
1657 853 1701 889 et

72 937 290 986 apparent
325 929 368 971 in
405 928 664 971 hominibus
695 927 861 970 diuersi
890 926 1139 970 animorum
1169 932 1335 969 motus,
1374 926 1520 967 Deum
1550 936 1701 979 preca-

78 1022 190 1058 mur,
220 1014 267 1049 ut
290 1007 475 1049 consilia
497 1014 647 1048 nostra
670 1003 885 1047 ecclesiae
914 1017 1021 1044 suae
1044 1011 1087 1045 et
1111 1000 1383 1056 reipublicae
1405 1007 1586 1042 nostrae
1611 1000 1699 1040 fru-

73 1073 232 1126 ctuosa
265 1098 364 1126 esse
400 1082 526 1125 uelit.
570 1083 611 1125 A
637 1083 688 1124 P.
715 1081 769 1123 V.
796 1087 899 1136 peto
931 1086 977 1121 ut
1007 1092 1088 1120 nos
1121 1091 1299 1132 quoque
1328 1076 1421 1119 suis
1448 1083 1493 1118 et
1517 1089 1700 1117 suorum

79 1161 159 1215 piis
183 1160 391 1215 precibus
413 1167 456 1202 et
479 1158 709 1201 sacrificiis
731 1157 873 1210 iuuet,
896 1158 1084 1199 multum
1103 1156 1221 1198 enim
1240 1155 1284 1197 in
1307 1155 1371 1197 eis
1395 1153 1491 1209 spei
1514 1153 1701 1194 colloca-

76 1246 169 1278 tum
202 1237 360 1278 habeo.
399 1236 560 1278 Rdum.
596 1235 772 1277 Patrem
803 1234 1034 1284 vicarium,
1066 1233 1391 1282 Salmeronem,
1418 1230 1624 1273 Natalem
1658 1236 1702 1271 et

74 1313 268 1367 reliquos
292 1313 485 1355 salutare
510 1311 615 1353 uelit
640 1310 790 1354 uerbis
818 1310 928 1352 meis
955 1312 1007 1352 P.
1044 1310 1116 1361 V.,
1143 1323 1277 1363 quam
1302 1308 1377 1350 diu
1408 1307 1579 1349 saluam
1604 1318 1704 1349 esse

75 1389 228 1444 cupio,
260 1403 422 1443 meque
450 1388 568 1429 illius
596 1387 876 1429 orationibus
905 1386 1190 1430 commendo,
1221 1387 1388 1428 Datum
1427 1381 1707 1426 Petricouiae

81 1465 235 1507 Vltima
260 1464 489 1507 Februarii
513 1465 787 1507 M.D.LXV.

169 1544 217 1586 P.
247 1543 302 1584 V.
333 1541 465 1583 frater
488 1541 532 1582 in
557 1540 756 1592 Christo,

824 1618 968 1667 STAN.
996 1630 1135 1660 CARD.
1163 1627 1466 1658 VARansrs·

165 1696 422 1750 Inscriptio.
454 1695 565 1736 Rdo.
596 1694 716 1736 Patri
741 1694 926 1735 domino
955 1692 1119 1749 Joanni
1148 1693 1359 1743 Polanco,
1396 1704 1549 1732 sacrae
1580 1690 1702 1731 theo·
1731 1730 1734 1733 .

76 1773 222 1828 logiae
245 1771 433 1821 doctori,
461 1770 699 1814 Societatis
721 1772 830 1826 jesu
860 1771 1142 1820 cancellario,
1176 1776 1282 1818 etc„
1310 1768 1353 1809 in
1385 1766 1565 1809 Christo
1595 1766 1702 1806 cha-

78 1849 252 1891 rissimo
274 1856 318 1889 et
342 1848 620 1889 honorando.
651 1848 830 1890 Romae.
1213 1828 1216 1831 .

883 1980 945 2029 117

305 2089 632 2125 STANISLAUS
660 2088 853 2125 Hosms
879 2088 1200 2124 CARDmALis
1230 2085 1477 2123 POLANCO

554 2192 807 2218 PETRICoviA
840 2192 880 2227 19
906 2191 1052 2218 MARTn
1083 2183 1170 2226 1565
1198 2183 1223 2216 ¹.

104 2294 134 2321 l.
162 2283 304 2329 Officia
323 2284 720 2318 benevolentiae.—2.
741 2283 797 2317 De
817 2282 1024 2317 Societatis
1042 2282 1218 2316 alumnis
1247 2282 1404 2315 Vilnam
1425 2278 1660 2325 inferendi&

173 2397 208 2426 1.
277 2384 388 2426 Rde.
421 2385 552 2424 Pater
571 2383 614 2424 in
633 2383 827 2435 Christo,
849 2382 977 2423 nobis
995 2381 1255 2424 charissime
1272 2388 1316 2423 et
1337 2377 1699 2427 honoratissime,

81 2461 269 2503 salutem
294 2468 337 2502 et
361 2459 509 2501 omnia
535 2458 722 2501 foelicia.
753 2458 920 2512 Accepi
952 2458 1101 2500 literas
1133 2459 1182 2499 P.
1211 2458 1286 2510 V.,
1315 2456 1440 2499 XVII
1471 2457 1686 2498 Februari

79 2539 223 2587 datas,
249 2552 303 2578 ex
328 2536 492 2591 quibus
516 2535 639 2578 reddi
663 2535 724 2576 illi
748 2549 868 2577 meas
885 2534 1094 2589 cognoui.
1120 2535 1186 2575 De
1207 2533 1456 2586 pecuniola,
1480 2533 1617 2574 nichil
1635 2541 1702 2575 est

81 2614 202 2668 quod
225 2621 330 2668 agat
354 2612 536 2666 gratias,
568 2613 713 2654 Breue
741 2610 1010 2652 sanctissimi
1040 2608 1209 2650 domini
1231 2609 1369 2650 nostri
1400 2623 1534 2663 super
1556 2616 1702 2651 aetate

81 2704 251 2739 eorum,
277 2690 351 2743 qui
373 2688 568 2729 nondum
588 2687 836 2742 legitimum
858 2696 1033 2740 tempus
1051 2685 1368 2739 impleuerunt‚
1391 2700 1478 2726 non
1500 2685 1606 2727 uidi.
1634 2687 1701 2727 In-

153 2851 170 2875 b
222 2849 392 2893 proxima
410 2860 478 2881 ms.

153 3009 161 3027 ¹
218 3008 271 3041 Ex
291 3007 466 3051 originali
485 3007 521 3041 in
541 3005 672 3040 codice
694 3005 818 3049 Epist.
840 3004 1013 3045 cardin„
1033 3012 1051 3036 2
1072 3002 1129 3044 ff„
1150 3015 1186 3038 n.
1213 3012 1289 3048 109,
1320 3004 1424 3049 prius
1448 3004 1523 3042 132,

225 3073 378 3100 POLANOE
398 3075 651 3099 COMPLEMENTA
1529 3071 1562 3095 :34
