1971 3276
277 224 345 266 644
785 222 970 255 PoLANci
998 229 1314 255 coMPLEMENTA

320 324 382 365 La
402 330 465 376 5.³
486 321 845 376 transgressione
863 321 888 363 e
911 321 1082 364 l’hauer
1106 320 1279 375 tagliati
1302 327 1346 364 et
1372 320 1525 362 uiolati
1554 319 1585 361 li
1616 320 1784 363 confini
1808 321 1864 363 de

231 401 271 442 la
293 400 443 443 chiesa
466 399 510 440 di
536 400 699 449 Massa;

318 477 382 519 La
405 476 466 518 6:³¹
489 473 847 529 transgressione
873 473 895 515 ὲ
920 472 1090 516 l'hauer
1116 479 1289 528 portate
1319 474 1392 516 uia
1422 474 1461 515 le
1494 473 1704 516 scritture
1733 473 1790 517 de
1823 474 1864 515 la

230 553 380 596 chiesa
404 553 447 593 di
474 553 634 594 Massa.

317 630 365 674 Si
393 628 598 672 desidera
626 629 710 670 che
738 641 819 670 sua
851 628 1106 670 eccellenza
1139 627 1175 669 si
1208 627 1390 682 raueda‚
1427 634 1471 670 et
1504 626 1864 669 amicabilmente

229 708 333 750 lasci
357 708 386 748 il
408 722 491 749 suo
515 721 539 748 a
561 706 602 748 la
626 705 792 756 chiesa;
818 713 862 747 et
885 718 971 746 con
993 705 1034 747 la
1057 705 1163 746 sede
1184 704 1430 759 apostolica
1452 704 1497 745 in
1521 711 1681 759 questo
1714 717 1860 759 nego-

228 784 287 826 tio
310 785 365 826 de
387 785 427 827 le
451 783 636 826 lumiere
661 782 728 824 usi
751 781 854 836 quei
879 781 999 823 modi
1028 781 1273 824 amoreuoli
1295 788 1339 824 et
1358 780 1535 824 honesti
1559 782 1642 822 che
1664 793 1863 823 conuen-

228 875 349 915 gono
367 876 390 902 a
414 860 615 916 principe
638 859 878 911 catholico,
904 866 948 902 et
971 873 995 900 a
1018 859 1140 901 buon
1164 858 1314 901 uicino
1337 859 1451 901 dela
1469 859 1576 902 sede
1599 857 1858 912 apostolica.

313 938 351 979 A
378 942 522 993 tergo.
550 936 844 979 Instruttione
869 950 944 991 per
971 935 1060 986 uoi,
1089 937 1139 978 Ρ.
1170 936 1383 979 Polanco.

1009 1068 1073 1120 131

519 1189 842 1226 CARDINALIS
871 1189 1286 1226 ALEXANDRINUS
1314 1188 1565 1225 POLANCO

797 1299 914 1326 ROMA
942 1298 986 1334 27
1012 1298 1116 1333 JUL11
1145 1290 1234 1334 1567
1260 1291 1283 1327 ¹.

302 1393 470 1428 Nomine
491 1393 639 1426 summi
654 1390 854 1436 pontificis
872 1391 940 1425 Pii
969 1391 999 1424 V
1012 1402 1102 1425 eum
1123 1394 1242 1436 rogat
1262 1394 1303 1424 ut
1322 1390 1571 1426 cardinalem
1593 1391 1783 1425 Medicem

354 1454 511 1486 moneat
530 1452 575 1485 de
594 1461 694 1485 cura
710 1451 892 1485 habenda
908 1450 1117 1495 cujusdam
1137 1451 1350 1484 sacerdotii
1368 1450 1496 1484 eidem
1514 1450 1725 1484 commissi.

315 1555 453 1596 Molto
479 1553 589 1595 Rdo.
615 1552 773 1594 Padre.
804 1552 1003 1594 Essendo
1030 1560 1197 1594 uenuta
1221 1566 1245 1592 a
1269 1551 1425 1593 notitia
1448 1551 1590 1606 hoggi
1608 1552 1857 1593 solamente

230 1646 253 1673 a
272 1638 425 1672 nostro
448 1629 632 1684 signore
655 1629 699 1670 di
724 1636 882 1682 questa
907 1629 1064 1671 lettera
1088 1627 1119 1680 ²,
1145 1629 1261 1671 della
1285 1629 1416 1682 quale
1439 1643 1486 1670 se
1516 1643 1572 1671 ne
1602 1628 1763 1670 manda
1786 1641 1859 1670 co-

228 1708 297 1762 pia
320 1721 403 1749 con
428 1707 468 1749 la
492 1713 713 1761 presente,
746 1707 865 1747 in’ha
897 1719 1149 1747 commesso
1170 1705 1283 1747 ch’io
1304 1705 1347 1747 ui
1368 1705 1506 1748 faccia
1524 1704 1758 1749 intendere
1776 1705 1860 1747 che

224 1784 433 1827 debbiate
470 1783 643 1838 parlare
684 1797 708 1825 a
747 1782 1011 1837 monsignor
1047 1782 1186 1824 Ulmo.
1223 1783 1279 1826 de
1314 1782 1476 1826 Medici
1501 1781 1515 1801 ³
1539 1782 1583 1824 in
1621 1781 1860 1824 conformi-

226 1860 269 1902 ta
292 1860 335 1901 di
364 1874 463 1901 essa
491 1861 666 1910 lettera,
700 1860 1013 1902 essortandolo
1043 1860 1087 1900 in
1120 1873 1252 1902 nome
1281 1859 1324 1900 di
1354 1859 1402 1902 S.
1429 1860 1474 1903 S.
1504 1874 1529 1901 a
1557 1858 1806 1914 prouedere
1835 1874 1858 1900 a

226 1937 328 1990 quel
352 1938 435 1980 che
460 1936 494 1977 si
518 1935 739 1979 conuiene
765 1950 840 1990 per
864 1935 892 1976 il
919 1935 1104 1977 seruitio
1129 1936 1172 1977 di
1197 1935 1284 1978 Dio
1313 1935 1357 1977 in
1389 1936 1536 1989 quella
1566 1950 1647 1978 sua
1670 1935 1800 1977 badia
1823 1934 1856 1985 ⁴,

223 2021 267 2056 et
289 2021 585 2056 commettere
618 2014 658 2054 al
682 2013 850 2054 vicario
875 2013 962 2055 che
981 2012 1025 2054 ui
1053 2013 1190 2063 tiene,
1218 2014 1304 2055 che
1331 2012 1469 2054 faccia
1493 2012 1667 2054 l’osfitio
1689 2026 1789 2063 suo,
1815 2020 1859 2054 et

222 2092 307 2133 che
329 2090 511 2132 attenda
534 2103 665 2144 sopra
690 2096 808 2131 tutto
831 2105 855 2132 a
881 2089 1102 2144 proueder
1126 2104 1150 2130 a
1175 2090 1324 2143 quella
1348 2089 1500 2132 chiesa
1522 2089 1637 2132 delle
1655 2103 1759 2132 cose
1782 2103 1856 2131 ne·

223 2166 414 2210 cessarie
438 2181 514 2221 per
544 2166 573 2207 il
602 2167 723 2207 culto
753 2165 924 2209 diuino.
961 2167 991 2207 Il
1021 2167 1108 2208 che
1140 2166 1354 2208 douerete
1385 2166 1581 2208 ricordar
1609 2181 1634 2208 a
1665 2167 1711 2209 S.
1739 2165 1854 2209 Sria.

224 2244 383 2295 Illma.,
410 2243 597 2286 insieme
620 2257 704 2284 con
730 2244 770 2284 le
793 2243 906 2284 altre
929 2256 1035 2285 cose
1066 2245 1149 2285 che
1182 2244 1371 2286 haueste
1402 2242 1517 2285 nella
1547 2241 1854 2286 instruttione..

226 2322 279 2362 Et
302 2328 416 2362 state
440 2334 561 2362 sano.
588 2319 643 2361 Di
674 2320 861 2361 Palazzo
884 2334 909 2361 a
933 2320 1105 2362 XXVII
1129 2319 1173 2360 di
1199 2319 1362 2374 Luglio
1387 2320 1704 2362 M.D.LXVII.

315 2398 494 2448 Uostm,

1585 2472 1599 2490 5

792 2474 838 2515 IL
872 2486 1145 2516 CARDINALE
1178 2474 1554 2516 ALESSANDRINO
1609 2506 1615 2514 .

294 2610 303 2628 ¹
358 2610 412 2643 Ex
431 2610 641 2654 archetypo
661 2609 699 2643 in
718 2607 852 2643 codiee
877 2609 1001 2653 Epist.
1025 2609 1197 2649 cardin„
1221 2617 1239 2642 2
1260 2608 1316 2652 ff„
1338 2620 1375 2644 n.
1400 2608 1478 2653 178,
1501 2608 1606 2654 prius
1630 2617 1707 2654 104.

293 2668 305 2687 2
357 2668 466 2702 Hanc
486 2668 688 2713 epistolam
710 2667 843 2702 videre
865 2679 940 2702 non
957 2667 1165 2713 potuimus.

292 2727 304 2744 ³
356 2727 620 2761 Ferdinandus
639 2726 844 2761 cardinalis
866 2726 1050 2770 Medices‚
1072 2726 1174 2761 filius
1199 2726 1366 2761 Cosmae
1390 2726 1498 2761 ducis
1523 2727 1755 2762 Florentiae.
1789 2727 1851 2764 Cf.

225 2796 338 2829 supra
357 2797 392 2819 n.
421 2794 495 2830 129,
514 2791 643 2821 annot.
670 2795 703 2823 2.

294 2844 306 2862 ⁴
357 2844 412 2877 Ex
428 2845 590 2889 epistola
610 2844 770 2879 inferius
790 2844 941 2879 edenda
959 2846 1031 2879 sub
1050 2857 1091 2879 n.
1120 2853 1197 2889 141,
1220 2845 1374 2880 videtur
1394 2845 1456 2890 agi
1474 2845 1522 2880 de
1541 2846 1697 2881 abbatia
1716 2846 1762 2880 ad
1781 2846 1853 2881 Ca-

223 2903 377 2936 stellum
397 2903 643 2947 Druantium,
664 2915 765 2938 nunc
784 2904 1010 2947 Urbaniam.
1040 2905 1078 2939 in
1096 2903 1242 2939 ditione
1268 2904 1545 2940 ecclesiastiea.
1577 2905 1638 2941 Cf.
1666 2905 1850 2949 MORON1,

225 2971 286 3004 op.
307 2961 389 3001 cit„
410 2960 604 3003 LXXXV,
627 2971 708 3006 297,
730 2961 812 3006 315.

294 3019 306 3037 ⁵
357 3019 519 3054 Michael
541 3020 736 3057 Bonellus.
760 3021 820 3056 Cf.
843 3034 972 3066 supra,
993 3021 1107 3067 epist.
1133 3030 1211 3066 121,
1236 3027 1368 3059 annot.
1390 3030 1423 3066 5.
