1971 3276
295 219 363 254 320
798 217 988 252 POLANcr
1021 225 1340 252 COMPLEMENTA

248 319 493 363 ministeria
526 318 758 362 laetissimi
792 332 948 361 omnes
978 318 1102 360 obire
1135 331 1214 374 pro
1249 318 1420 360 uiribus
1454 319 1654 370 student,
1687 318 1742 360 ad
1772 332 1886 372 quae

249 405 354 440 sunt
384 397 609 449 destinati,
635 395 820 439 Christo
843 411 895 439 ea
926 396 969 437 in
994 410 1040 438 re
1065 395 1255 450 obsequi
1277 411 1340 448 se,
1365 409 1456 438 non
1487 394 1762 447 hominibus,
1794 409 1887 438 cer-

251 475 436 529 tissime,
464 481 512 515 ut
538 488 607 517 res
631 481 715 524 est,
744 474 994 515 credentes,

338 552 378 593 6.
447 553 538 593 Iam
564 564 671 594 uero
701 550 756 593 de
781 564 966 605 magno,
1002 564 1133 604 quem
1160 549 1204 591 in
1228 549 1448 591 uirtutum
1473 548 1623 591 studio
1647 562 1803 591 omnes
1828 549 1887 591 fa—

251 628 393 679 ciunt,
426 642 668 683 progressu
697 627 805 669 satis
834 634 902 669 est
932 626 1039 668 illud
1071 626 1174 677 dici,
1207 626 1331 668 cerni
1364 625 1641 682 singularem
1675 626 1720 668 in
1756 625 1891 668 uariis

253 705 534 748 diuersarum
554 703 759 759 gentium
783 703 981 758 ingeniis
999 702 1306 752 dilectionem,
1333 711 1634 758 mutuumque
1664 703 1710 744 in
1734 702 1890 744 uincu-

253 782 293 822 lo
318 781 439 836 pacis
458 795 671 832 amorem3
694 788 789 822 tum
812 794 1034 822 summam
1054 780 1098 821 in
1122 780 1375 835 superiores
1394 779 1745 832 obseruantiam;
1766 779 1890 823 dein-

251 859 307 901 de
336 859 452 913 piam
483 858 708 912 quandam
741 871 849 911 erga
878 872 930 900 ea
962 856 1207 899 ministeria
1242 857 1610 908 aemulationem,
1646 856 1692 899 in
1727 856 1892 911 quibus

253 936 386 977 animi
410 934 757 977 submissionem
780 933 996 985 exerceri,
1031 948 1285 989 prauasque
1316 934 1454 976 animi
1485 933 1748 976 affectiones
1773 935 1891 975 fran—

253 1012 299 1067 gi
334 1011 478 1067 magis
510 1026 640 1066 posse
673 1010 951 1064 intelligunt3
990 1010 1188 1065 denique
1219 1025 1372 1054 ueram
1408 1012 1709 1053 humanarum
1744 1023 1893 1053 rerum

253 1090 654 1144 contemptionem,
681 1102 732 1130 ac
756 1095 1037 1130 constantem
1062 1095 1416 1143 perpetuamque
1435 1088 1480 1130 in
1497 1087 1776 1130 vocationem
1802 1089 1892 1130 Do-

253 1165 357 1207 mini
396 1166 693 1208 uoluntatem.
729 1165 834 1219 Quo
867 1164 932 1215 fit,
967 1172 1015 1206 ut
1047 1165 1219 1219 amplos
1243 1163 1378 1206 etiam
1406 1165 1601 1206 honores
1634 1179 1727 1207 non
1761 1164 1894 1206 modo

255 1257 345 1284 non
374 1249 604 1297 appetant,
637 1242 714 1284 sed
739 1242 913 1283 oblatos
944 1240 1079 1284 etiam
1113 1248 1372 1283 constanter
1403 1241 1672 1296 despiciant;
1712 1241 1895 1284 excitati

255 1318 465 1360 nimirum
497 1318 810 1372 frequentibus
840 1317 1250 1372 cohortationibus,
1283 1331 1397 1373 quae
1428 1333 1659 1373 nunquam
1690 1326 1795 1361 sunt
1824 1318 1892 1360 in-

254 1395 501 1446 termissae,
529 1402 624 1437 tum
656 1395 825 1437 mutuis
857 1394 1078 1436 virtutum
1111 1394 1313 1436 omnium
1343 1395 1576 1450 exemplis,
1605 1410 1656 1437 ac
1679 1395 1896 1451 imprimis

253 1479 463 1513 uotorum
494 1471 832 1523 instauratione,
857 1486 972 1526 quae
1004 1486 1160 1514 ornnes
1184 1486 1338 1514 mense
1355 1471 1463 1527 Julii
1487 1473 1583 1514 Deo
1612 1471 1896 1527 nuncupaui-

254 1563 369 1602 mus,
391 1548 786 1603 flagellationibus,
807 1548 1185 1603 confessionibus,
1214 1555 1258 1590 et
1282 1548 1326 1590 id
1350 1562 1497 1603 genus
1521 1548 1618 1591 aliis
1642 1548 1896 1603 praemissis

256 1626 431 1680 pietatis
465 1626 638 1677 officiis,
676 1641 777 1669 eum
816 1626 951 1668 animi
990 1626 1196 1668 ardorem
1235 1634 1279 1668 et
1312 1625 1668 1669 consolationem
1708 1624 1892 1680 experti,

259 1717 392 1757 quarn
424 1703 619 1757 reliquos
649 1702 892 1746 Societatis
924 1705 1083 1745 fratres
1106 1702 1366 1745 huiusmodi
1397 1702 1675 1757 temporibus
1704 1701 1895 1757 experiri

257 1794 346 1820 non
377 1779 656 1831 dubitamus,
683 1779 727 1820 in
763 1786 854 1821 tam
884 1779 1103 1834 singulari
1135 1779 1372 1831 beneficio,
1405 1778 1559 1821 diuina
1589 1778 1735 1834 magis
1763 1779 1893 1834 largi·

260 1863 350 1899 tate
374 1871 508 1910 quam
536 1857 734 1898 humana
756 1871 841 1912 ope
867 1857 994 1899 nobis
1020 1863 1191 1912 parato.

346 1945 387 1985 7.
455 1935 532 1975 Est
562 1933 742 1987 quidam
773 1948 862 1975 non
891 1934 1112 1975 obscurus
1142 1933 1186 1974 in
1216 1933 1340 1975 curia
1369 1947 1555 1975 romana
1583 1933 1821 1988 episcopus
1859 1931 1891 1985 ⁴,

258 2017 304 2051 ut
329 2010 384 2053 de
408 2010 559 2051 multis
582 2025 715 2051 vnum
740 2010 901 2062 dicam,
925 2009 1000 2063 qui
1027 2018 1235 2064 nepotem
1261 2024 1393 2064 quem
1419 2009 1464 2051 in
1488 2009 1715 2053 Societate
1740 2010 1889 2064 habet,

255 2086 550 2141 episcopatui,
584 2101 673 2141 quo
696 2101 743 2128 se
768 2086 839 2128 ille
863 2086 1073 2128 abdicare
1104 2094 1338 2139 statuerat,
1363 2100 1671 2130 successorem
1701 2086 1895 2129 maxime

256 2164 480 2218 cupiebat.
512 2163 772 2218 Alloquitur
797 2163 947 2218 itaque
971 2171 1197 2219 nepotem,
1224 2163 1399 2205 consilii
1419 2164 1488 2206 sui
1511 2163 1729 2206 rationem
1756 2162 1894 2218 aperit

256 2241 444 2296 ejusque
462 2241 505 2283 in
525 2255 578 2283 ea
602 2256 649 2285 re
667 2240 934 2284 sententiam
959 2242 1178 2296 explorat;
1201 2255 1332 2296 quem
1352 2255 1453 2282 curn
1477 2240 1648 2285 uideret
1666 2242 1721 2282 ab
1739 2255 1792 2283 ea
1815 2253 1892 2281 uo-

257 2319 429 2360 luntate
453 2317 789 2369 alienissimum,
817 2317 996 2360 adhibet
1029 2317 1137 2359 alios
1166 2318 1390 2373 principes
1416 2318 1553 2369 uiros,
1586 2317 1661 2372 qui
1684 2332 1775 2360 rem
1799 2330 1894 2360 eam

328 2491 340 2509 ⁴
391 2491 502 2535 Quae
521 2489 582 2523 hic
604 2493 803 2523 narrantur
822 2487 978 2522 omnino
999 2486 1187 2533 quadrant
1208 2487 1266 2530 iis,
1287 2498 1386 2533 quae
1406 2486 1454 2521 de
1474 2487 1644 2532 Josepho
1664 2486 1889 2528 Cortesono,

257 2549 409 2593 collegii
431 2547 578 2582 romani
604 2548 741 2591 incola,
762 2546 934 2592 episcopi
956 2545 1215 2580 foroliviensis
1235 2545 1367 2589 (Forli)
1390 2550 1544 2591 nepote,
1568 2545 1614 2580 ad
1633 2546 1735 2580 hunc
1754 2554 1893 2579 annum
1928 2564 1930 2566 v

259 2608 393 2642 scribit
412 2607 671 2650 SACCHINUS,
691 2607 761 2641 loe.
783 2606 864 2649 cit.,
894 2607 959 2642 lib.
983 2605 1049 2649 VI,
1075 2617 1112 2640 n.
1147 2605 1179 2639 S.
1210 2605 1326 2639 Porro
1346 2605 1484 2639 Petrus
1505 2606 1675 2649 Joannes
1693 2604 1742 2638 de
1757 2604 1894 2638 Aleot-

260 2669 320 2710 tis,
344 2655 602 2701 foroliviensis
622 2665 828 2711 episcopus
849 2662 1097 2709 (1551-1563),
1119 2663 1245 2698 fuerat
1264 2663 1525 2698 cubicularius
1546 2669 1584 2697 et
1599 2662 1797 2698 familiaris
1812 2663 1894 2696 san*-

257 2732 343 2760 ctae
369 2725 485 2770 sedis3
508 2724 609 2759 idem
634 2735 735 2758 anno
758 2732 844 2768 1555
866 2725 1127 2758 thesaurarius
1155 2723 1391 2768 apostolicus
1410 2728 1577 2766 creatus,
1599 2722 1662 2757 cui
1690 2730 1790 2766 1555,
1823 2718 1894 2755 11.a

259 2786 353 2818 Dec.
377 2788 533 2826 (annum
552 2786 597 2827 64
617 2783 763 2827 agenti)
783 2783 915 2818 Simon
935 2783 983 2816 de
1004 2783 1188 2825 Aleottis,
1210 2782 1419 2816 canonicus
1447 2781 1721 2825 foroliviensis,
1743 2779 1891 2824 coadju-

261 2850 316 2878 tor
342 2854 428 2877 cum
453 2842 537 2888 jure
556 2841 816 2876 successionis
841 2841 953 2876 datus
973 2847 1046 2886 est3
1077 2840 1146 2876 sed
1171 2841 1233 2875 hic
1252 2852 1353 2874 anno
1376 2840 1478 2884 1562,
1500 2849 1544 2874 20
1565 2841 1684 2884 Aug„
1704 2837 1888 2880 Tridenti‚

257 2912 333 2947 quo
353 2900 598 2945 praecedenti
619 2912 718 2934 anno
737 2899 960 2943 advenerat,
982 2899 1094 2945 obiit,
1122 2899 1254 2945 ibique
1274 2900 1450 2944 sepultus
1471 2904 1543 2933 est.
1565 2898 1738 2933 Tandem
1762 2899 1892 2931 Petrus

259 2961 429 3005 Joannes
445 2971 533 2994 ann.
556 2958 645 3001 1563
659 2959 923 3005 episcopatum
941 2960 978 2993 in
992 2958 1205 2993 Antonium
1222 2958 1475 2993 Giannotium
1491 2956 1718 3002 resignavit.
1741 2957 1889 2998 EUBEL‚

262 3019 328 3063 111,
353 3027 432 3061 214.
458 3018 503 3051 Et
521 3018 570 3055 cf,
594 3018 708 3062 epist.
729 3025 787 3061 72,
809 3022 940 3055 annot,
961 3019 995 3052 6.
1825 3006 1829 3010 ’
