1971 3276
281 189 367 215 xxu
795 180 906 215 ΡοιΑ
915 188 986 215 NCI
1011 188 1330 216 COMPLEMENTA

311 282 370 320 ll.
429 280 519 321 Vita
536 281 671 333 Ignatii
693 281 741 320 de
762 280 930 330 Loyola;
953 285 990 320 et
1012 280 1241 322 Chronicon
1269 280 1483 322 Societatis
1504 282 1617 333 Jesu;
1640 283 1688 321 de
1715 283 1858 333 quibus

225 366 318 392 mox
340 352 467 404 plura.

318 466 574 516 Praeterea,
599 477 652 506 ac
675 472 851 519 praeter
869 465 1132 508 innumeras
1149 463 1476 507 Instructiones
1501 476 1553 506 ac
1570 462 1865 518 disceptatio-

227 554 307 583 nes
328 554 443 595 quae
469 541 715 583 Polancum
739 541 907 584 habent
934 547 1164 584 auctorem
1189 539 1239 592 ⁷⁵,
1265 540 1381 583 duae
1412 547 1518 583 sunt
1539 539 1677 583 series
1699 538 1865 581 consti-

224 624 424 660 tutorum
447 617 490 659 in
513 616 823 659 Monzcmentis
847 617 1191 673 Paedagogz'cis
1216 616 1267 669 ⁷⁶,
1293 630 1487 672 magnae
1518 615 1782 671 prudentiae
1801 622 1864 658 at-

226 708 314 748 que
345 693 550 736 utilitatis
575 692 625 735 ⁷⁷.

315 770 452 824 Quod
472 769 682 812 historica
699 777 893 825 spectat,
918 770 1175 812 Clzronicon
1193 769 1424 825 inceptum
1451 777 1518 814 est
1536 770 1719 813 vivente
1736 770 1866 824 Igna-

229 846 305 899 tio;
332 860 382 889 ac
407 852 609 901 tempore
633 846 922 898 Mercuriani,
951 847 1071 903 quod
1098 846 1143 888 in
1167 853 1293 902 parte
1317 847 1464 901 priore
1488 846 1738 899 innuimus,
1764 859 1866 901 per-

230 923 437 978 politum.
458 925 520 967 Ut
538 938 593 973 ex
616 923 668 966 iis
686 930 809 979 patet
835 938 950 978 quae
975 924 1020 966 in
1044 923 1274 967 volumine
1297 924 1354 965 VI
1374 923 1492 966 illius
1518 923 1664 978 operis
1682 924 1742 978 (p.
1765 923 1865 978 839,

227 1008 385 1043 annot.
420 1000 460 1055 2)
483 999 694 1051 diximus,
721 1007 767 1042 et
788 1014 844 1043 ex
866 1000 976 1042 locis
999 999 1165 1043 ibidem
1192 999 1377 1052 notatis,
1402 1013 1493 1041 non
1518 1013 1572 1042 eo
1596 999 1755 1043 ordine
1777 1013 1867 1054 quo

229 1090 310 1119 nos
334 1077 571 1128 edidimus,
597 1077 762 1132 scripta
786 1077 1015 1119 volumina
1039 1084 1163 1128 sunt,
1189 1077 1267 1120 sed
1291 1077 1493 1119 omnium
1518 1084 1797 1132 postremum
1824 1076 1865 1117 id

231 1155 351 1208 quod
378 1153 449 1194 De
476 1154 569 1194 vita
604 1154 662 1195 P.
698 1154 873 1209 Ignatii
901 1157 940 1195 et
967 1153 1201 1195 Societatis
1236 1153 1348 1210 Jesu
1381 1154 1529 1195 initiis
1560 1161 1866 1208 nuncupatur,

233 1231 445 1284 quodque
472 1244 553 1272 nos
576 1230 718 1285 primo
740 1229 858 1281 loco,
886 1238 934 1272 ut
957 1245 1035 1285 par
1058 1238 1170 1285 erat,
1196 1230 1408 1273 duximus
1429 1230 1758 1272 collocandum.

327 1308 400 1349 An
423 1312 531 1349 vero'
550 1313 727 1362 praeter
747 1321 1096 1361 amanuensem,
1127 1307 1380 1361 adjutorem
1406 1307 1612 1350 habuerit
1640 1307 1866 1349 Polancus

238 1383 282 1424 in
307 1383 638 1426 narrationibus
660 1383 1002 1439 compingendis
1021 1383 1131 1435 suis,
1152 1383 1339 1425 dubium
1363 1392 1447 1427 est.
1471 1383 1648 1427 Etenim
1668 1383 1870 1425 scribens

239 1460 294 1502 ad
318 1460 523 1502 Natalem
550 1460 751 1502 Bononia
774 1460 936 1516 (1571),
963 1460 1027 1502 sic
1049 1459 1212 1503 aiebat:

321 1577 400 1617 «Se
434 1581 590 1630 paressi
620 1592 644 1618 a
677 1579 720 1618 V.
743 1578 788 1626 R.
810 1580 882 1618 che
903 1581 936 1618 si
960 1581 1182 1618 continuasi
1204 1579 1226 1617 il
1254 1581 1429 1625 cronico,
1451 1581 1580 1630 potria
1601 1577 1684 1618 dar’
1708 1590 1804 1617 cura
1833 1579 1869 1616 al

240 1649 282 1689 P.
305 1649 492 1689 Ximenez
513 1651 560 1689 de
580 1651 614 1689 le
636 1663 733 1690 cose
754 1651 790 1689 di
820 1649 998 1702 Spagna,
1021 1655 1057 1689 et
1078 1663 1122 1689 se
1152 1651 1277 1690 anche
1299 1663 1342 1689 se
1369 1651 1392 1689 li
1414 1651 1730 1690 raccomandara
1752 1650 1870 1701 qual-

238 1721 308 1760 che
328 1722 428 1760 altra
447 1724 665 1772 prouincia;
687 1726 724 1761 et
744 1722 767 1759 il
790 1720 832 1759 Ρ.
853 1721 1011 1773 jacobo
1032 1720 1170 1760 Basso
1192 1721 1355 1760 farebbe
1377 1724 1477 1760 tutto
1500 1721 1522 1759 il
1539 1725 1666 1760 resto.
1685 1720 1732 1759 Et
1749 1721 1872 1759 siben

238 1805 316 1831 non
344 1795 522 1832 seruessi
551 1793 637 1844 quel
660 1794 730 1832 che
746 1792 818 1831 lor'
839 1792 1041 1833 facessino
1063 1804 1133 1843 per
1153 1793 1253 1831 altro
1277 1792 1348 1831 che
1369 1804 1439 1843 per
1464 1796 1575 1831 tener
1603 1795 1639 1831 in
1661 1792 1798 1830 ordine
1838 1791 1874 1828 le

238 1875 336 1903 cose
371 1864 441 1902 che
476 1866 539 1914 pisi
574 1866 797 1915 importano
834 1865 1004 1915 digeste‚
1039 1877 1084 1903 se
1114 1865 1152 1902 io
1178 1866 1355 1910 tornare,
1382 1864 1576 1914 piacendo
1605 1876 1629 1902 a
1659 1862 1786 1909 lddio,
1813 1861 1874 1900 fra

237 1935 362 1985 quelle
391 1938 427 1973 et
448 1935 544 1973 altre
566 1935 637 1974 che
658 1937 695 1973 io
717 1937 872 1981 notare,
896 1937 928 1973 si
957 1938 1072 1985 potra
1099 1946 1246 1974 cauare
1271 1934 1437 1984 qualche
1458 1936 1691 1973 construtto:
1715 1932 1866 1972 benche

237 2017 358 2056 spero
379 2006 416 2043 lo
438 2004 604 2044 faranno
626 2006 768 2056 meglio
792 2006 841 2044 da
864 2018 949 2044 me»
975 2010 1028 2051 7⁵;

237 2123 281 2158 at
303 2116 358 2157 de
381 2116 545 2159 auxilio
574 2118 629 2158 ab
654 2116 722 2158 his
752 2116 963 2158 Patribus
998 2115 1211 2171 praestito
1248 2115 1378 2156 nobis
1411 2130 1500 2157 non
1530 2124 1597 2159 est
1626 2115 1868 2169 quicquam

290 2281 318 2299 ⁷⁵
368 2280 430 2315 Cf.
451 2292 495 2315 ea
509 2291 607 2326 quae
622 2279 731 2315 initio
745 2280 860 2326 hujus
875 2280 1080 2315 Prooemiz'
1094 2279 1196 2314 dicta
1213 2285 1317 2314 sunt.
1337 2279 1633 2325 Nonnumquam
1650 2290 1784 2314 manus
1800 2278 1872 2312 Po-

237 2340 335 2374 lanci
354 2339 466 2374 facile
484 2339 707 2383 agnoscitur
725 2345 791 2374 aut
810 2340 857 2374 ab
877 2339 952 2373 alio
971 2340 1181 2375 revelatur:
1208 2344 1249 2374 ut
1270 2338 1308 2373 in
1327 2338 1503 2374 Monum.
1527 2339 1677 2384 Ignat„
1698 2349 1776 2373 ser.
1807 2336 1871 2380 1.³‚

238 2398 324 2444 XII,
346 2399 416 2443 614
434 2404 472 2432 et
490 2398 572 2442 6493
594 2404 632 2432 et
651 2398 689 2433 in
708 2398 871 2444 epistola
900 2398 948 2432 de
975 2397 1222 2432 obedientiae
1251 2398 1408 2440 virtute,
1439 2397 1550 2441 ibid„
1581 2397 1649 2441 IV,
1678 2397 1748 2442 669
1768 2409 1869 2443 sqq.,

234 2458 312 2501 jam
332 2467 471 2503 magna
490 2468 538 2491 ex
558 2463 665 2503 parte
683 2456 911 2492 adumbrata
931 2462 970 2491 et
988 2456 1180 2502 explicata
1200 2457 1237 2491 in
1253 2455 1337 2490 aliis
1356 2456 1497 2501 litteris
1513 2456 1559 2490 ad
1579 2456 1731 2490 Patrem
1751 2454 1869 2491 Ovie-

237 2516 300 2560 do,
322 2516 432 2560 ibid„
454 2516 504 2560 II,
525 2525 569 2560 54
589 2528 689 2562 sqq„
710 2522 784 2550 etc.

292 2575 320 2594 ‘⁶
371 2574 420 2609 N·
438 2583 472 2618 7,
496 2585 582 2619 pag·
603 2583 662 2621 553
686 2580 724 2608 et
744 2587 780 2609 n·
803 2574 836 2619 8,
862 2586 948 2619 pag·
968 2574 1026 2618 78·

290 2633 316 2651 Ἠ
369 2632 447 2667 Sed
467 2644 583 2678 prope
603 2632 752 2668 infinite
772 2632 1044 2667 disserendum
1064 2637 1170 2666 esset
1190 2630 1317 2666 omnia
1337 2631 1517 2676 persequi
1544 2629 1731 2676 cupienti:
1750 2631 1867 2666 omit-

237 2692 353 2727 timus
372 2692 498 2738 aliqua
518 2692 674 2726 minime
701 2691 933 2736 spernenda:
960 2703 994 2726 e.
1021 2703 1097 2736 gn,
1128 2690 1316 2725 Rationes
1340 2693 1501 2735 propter
1525 2700 1625 2734 quas
1653 2690 1868 2734 religiosus

236 2751 370 2785 debeat
386 2754 644 2796 perseverare
668 2751 710 2786 in
729 2762 801 2785 sua
825 2752 1044 2793 vocatione,
1068 2753 1104 2784 et
1131 2761 1210 2784 non
1234 2749 1368 2784 redire
1394 2749 1435 2784 in
1461 2748 1677 2789 saeculum,
1699 2759 1798 2794 quae
1828 2749 1866 2783 in

236 2811 415 2855 exemplo
436 2810 694 2845 bibliothecae
713 2809 983 2844 bollandianae
1004 2810 1068 2844 «P.
1086 2808 1248 2854 Joannis
1268 2808 1434 2842 Polanco
1455 2819 1503 2842 ex
1531 2808 1571 2842 P.
1604 2808 1774 2852 Ignatio»
1804 2809 1869 2842 in-

236 2868 469 2912 scribuntur;
491 2873 572 2902 tum
593 2867 802 2903 Rationem
821 2867 1084 2901 examinandi
1101 2866 1399 2906 conscientiam,
1419 2864 1467 2899 de
1485 2876 1559 2911 qua
1580 2864 1716 2899 scribit
1734 2865 1867 2899 Theo-

235 2925 388 2961 dorieus
407 2926 629 2970 Geeraerts,
650 2925 763 2969 infra,
784 2938 818 2971 p.
839 2925 892 2970 ΙΙ,
913 2925 1209 2971 Eplzemerides‚
1233 2923 1279 2958 ad
1297 2924 1401 2958 diem
1422 2923 1463 2958 13
1482 2924 1637 2969 Januar.
1666 2932 1768 2967 1557;
1786 2929 1865 2960 ete.

290 2985 318 3004 ⁷⁹
370 2993 412 3028 14
427 2985 532 3031 Julii:
556 2985 642 3020 vide
659 2986 698 3022 S.
720 2985 764 3021 F.
786 2985 959 3031 Borgia,
980 2984 1028 3028 V,
1047 2983 1130 3020 608.
