1971 3276
289 216 335 257 04
788 213 976 248 POLANC1
1003 222 1315 248 COMPLEMENTA

242 314 504 357 conditione
527 314 570 356 di
595 328 684 356 non
709 313 825 356 uscir
851 314 953 365 mai,
980 328 1027 356 se
1047 329 1137 356 non
1157 329 1234 369 per
1253 312 1457 356 ritornar'
1477 329 1500 355 a
1523 314 1586 356 far
1606 313 1698 356 uita
1721 312 1874 355 coniu-

242 392 347 445 gale
370 406 453 433 con
478 392 575 433 suoi
599 390 789 446 legitimi
814 390 974 435 mariti.

332 469 495 524 Dopoi,
522 467 622 511 nell'
648 482 767 510 anno
796 468 923 521 1546,
950 482 975 509 a
999 467 1044 510 (11
1076 479 1126 510 21
1154 468 1198 509 di
1228 469 1445 520 Febraro,
1472 467 1680 511 uedendo
1704 467 1744 508 la
1766 465 1876 508 diffi-

242 546 363 587 culta
386 546 429 587 di
453 546 673 587 collocare
695 544 741 586 in
765 544 866 586 altri
890 545 1149 588 monasterii
1183 545 1344 587 alcune
1366 545 1538 596 donne,
1564 545 1647 586 che
1670 544 1873 586 haueua-

242 636 299 664 no
316 622 548 665 diuotione
565 622 603 663 d'
622 636 744 665 esser
764 621 991 677 religiose,
1014 621 1051 663 si
1067 635 1218 665 eresse
1240 622 1283 663 in
1309 636 1398 663 una
1416 629 1540 677 parte
1564 621 1607 663 di
1629 621 1755 664 detto
1777 620 1877 662 loco

242 698 452 754 religioso
477 713 533 739 un
560 698 830 741 monasterio
855 699 898 739 di
923 701 1145 742 monache
1169 712 1254 742 con
1278 698 1306 739 li
1333 699 1424 741 uoti
1447 697 1638 752 solenni,
1660 711 1738 753 per
1762 697 1877 738 bolla

243 776 357 817 della
381 774 694 830 penitentiaria
716 775 788 817 del
811 777 942 817 Rmo.
972 775 1200 830 Rainutio,
1224 775 1423 818 cardinal
1446 775 1490 817 di
1513 776 1654 818 Santo
1680 774 1874 828 Angelo,

244 853 312 894 nel
344 865 394 906 13
418 852 488 895 del
513 852 775 907 pontificato
799 851 843 893 di
866 853 990 894 detto
1016 866 1131 907 papa
1156 853 1312 895 Paulo.

332 931 470 972 Tutte
494 929 658 983 quelle,
684 930 767 971 che
790 936 952 971 stanno
975 929 1020 970 in
1045 930 1171 973 detto
1197 930 1313 981 loco,
1340 928 1506 971 uiueno
1529 935 1646 970 sotto
1670 927 1880 970 obedien-

244 1007 300 1048 tia
326 1007 364 1047 d'
391 1021 479 1048 una
503 1006 656 1048 madre
680 1006 932 1048 abbadessa
955 1013 999 1048 et
1024 1020 1104 1048 sue
1128 1006 1310 1057 vicarie,
1337 1013 1381 1049 et
1404 1007 1557 1048 hanno
1580 1003 1879 1047 conueniente

242 1083 476 1138 disciplina
499 1082 616 1124 circa
640 1083 680 1123 la
704 1082 797 1124 uita
820 1090 864 1125 et
887 1083 1092 1135 costumi,
1118 1082 1460 1125 confessandosi
1477 1089 1522 1125 et
1545 1080 1876 1123 communican-

241 1161 338 1203 dosi
361 1174 532 1215 spesso,
558 1166 601 1202 et
625 1160 774 1201 dando
804 1169 954 1214 tempo
985 1160 1057 1201 alli
1088 1159 1228 1201 diuini
1257 1159 1391 1201 officii
1414 1165 1458 1200 et
1487 1158 1711 1210 oratione;
1738 1164 1783 1201 et
1805 1164 1875 1199 at—

242 1237 439 1279 tendano
462 1236 594 1279 etiam
621 1251 644 1278 a
668 1236 887 1291 imparare
912 1237 952 1277 la
975 1236 1172 1278 dottrina
1194 1236 1420 1286 cristiana,
1447 1242 1491 1277 et
1514 1250 1539 1277 a
1561 1236 1768 1277 lauorare
1793 1248 1878 1275 con

247 1315 284 1356 le
307 1313 443 1365 mani;
470 1321 514 1356 et
537 1313 579 1354 di
605 1320 765 1367 questo
797 1314 842 1356 in
868 1320 1021 1368 parte,
1047 1313 1091 1355 in
1125 1320 1250 1368 parte
1284 1313 1399 1356 delle
1427 1312 1671 1356 elemosine
1696 1311 1875 1354 uiuano.

333 1390 381 1434 Si
405 1391 429 1433 e
453 1390 657 1432 ordinata
682 1405 769 1432 una
793 1391 1168 1445 congregatione,
1195 1391 1312 1433 doue
1347 1404 1458 1432 sono
1481 1389 1605 1431 molti
1632 1388 1809 1444 prelati,
1836 1397 1878 1432 et

251 1468 396 1510 alcuni
422 1467 652 1519 cardinali,
680 1474 725 1510 et
747 1467 846 1509 altri
871 1466 1237 1522 gentilhuomini‚
1263 1474 1307 1511 et
1330 1468 1372 1508 d'
1397 1466 1503 1522 ogni
1527 1473 1647 1509 sorte
1669 1466 1712 1508 di
1731 1480 1880 1522 perso-

247 1560 316 1596 ne,
344 1545 428 1586 alla
451 1545 582 1598 quale
604 1544 814 1586 obedisce
839 1551 956 1586 tutto
986 1544 1014 1585 il
1045 1544 1339 1595 monasterio,
1367 1552 1410 1587 et
1434 1545 1529 1585 loro
1552 1543 1735 1585 aiutano
1758 1543 1878 1585 detta

244 1636 380 1676 opera
413 1635 499 1663 con
530 1635 610 1663 sue
643 1620 909 1672 elemosine,
945 1629 989 1663 et
1022 1621 1254 1676 conseglio
1288 1628 1458 1676 quanto
1491 1620 1557 1662 all’
1577 1626 1817 1671 accettare,
1852 1634 1877 1661 0

242 1698 375 1740 etiam
399 1712 578 1740 cercare
601 1698 750 1740 donne
776 1711 852 1752 per
875 1698 998 1739 detta
1022 1711 1142 1748 casa,
1169 1705 1213 1740 et
1237 1698 1523 1740 conseruarle
1545 1698 1706 1740 dentro
1729 1704 1772 1738 et
1791 1697 1878 1738 col-

244 1775 405 1816 locarle
429 1774 558 1816 fuori.

333 1851 379 1894 Si
403 1866 513 1893 sono
538 1851 686 1893 leuate
709 1851 781 1894 del
804 1860 1013 1906 peccato,
1040 1859 1082 1893 et
1113 1851 1256 1893 datosi
1280 1851 1467 1907 ricapito
1497 1852 1540 1893 in
1564 1859 1721 1906 questa
1746 1865 1877 1906 opera

249 1927 317 1982 pia
341 1942 364 1969 a
389 1928 462 1982 pisi
488 1928 543 1970 de
568 1941 657 1981 3oo
682 1942 888 1982 persone,
916 1929 971 1971 de
995 1942 1022 1984 0
1046 1927 1149 1969 anni
1173 1927 1216 1968 in
1240 1942 1328 1982 qua
1352 1929 1436 1970 che
1460 1928 1745 1981 commincio,
1771 1934 1816 1969 et
1839 1929 1876 1969 al

247 2012 453 2058 presente
477 2004 514 2045 si
538 2011 728 2046 trouano
753 2016 808 2046 2o
832 2006 1073 2055 monache,
1101 2012 1144 2048 et
1168 2017 1195 2057 4
1218 2005 1332 2046 delle
1356 2006 1519 2059 solute,
1548 2013 1592 2047 et
1616 2005 1673 2046 tal
1698 2004 1819 2046 uolta
1842 2005 1875 2046 si

245 2097 356 2124 sono
380 2089 555 2124 trouate
579 2087 798 2135 quaranta
819 2074 847 2122 o
870 2080 947 2136 pisi
967 2095 1171 2136 persone.

339 2159 421 2201 Per
444 2158 512 2200 dir
542 2158 675 2201 etiam
708 2156 810 2199 dell’
839 2165 996 2201 autore
1028 2157 1072 2199 di
1107 2158 1251 2212 quest'
1274 2172 1431 2212 opera,
1468 2166 1512 2201 et
1544 2164 1814 2212 protettore,
1851 2157 1879 2198 il

250 2235 390 2289 primo
415 2234 634 2289 principio
659 2234 694 2276 si
719 2235 841 2278 dette
866 2250 942 2290 per
960 2236 1000 2277 la
1019 2236 1300 2291 Compagnia
1319 2236 1499 2292 diJestl,
1526 2236 1563 2278 51
1588 2243 1756 2291 quanto
1774 2235 1845 2277 all'
1863 2243 1878 2258 ³

248 2312 492 2362 erectione,
519 2312 802 2366 procurando
827 2311 990 2367 ispedir
1012 2312 1052 2354 10
1076 2313 1207 2365 00110,
1227 2312 1265 2355 51
1289 2312 1422 2356 etiam
1441 2320 1609 2367 quanto
1632 2313 1672 2355 al
1691 2326 1876 2368 congre-

249 2402 356 2442 gare
375 2389 536 2431 alcune
556 2388 820 2440 elemosine,
838 2389 985 2431 dando
1016 2390 1070 2431 de
1095 2403 1176 2431 sua
1200 2396 1327 2444 parte
1350 2391 1389 2431 la
1415 2389 1697 2444 Compagnia
1727 2401 1805 2431 IOO
1831 2399 1868 2434 Χῖ

248 2465 366 2518 quali
389 2465 536 2507 hebbe
560 2465 602 2506 di
627 2472 748 2508 certa
781 2465 924 2520 pietra
957 2473 1117 2507 cauata
1150 2474 1194 2507 et
1223 2466 1442 2517 venduta,
1475 2466 1512 2508 51
1542 2466 1677 2508 etiam
1710 2473 1877 2520 quanto

247 2541 314 2581 all'
339 2540 509 2582 edifitio
534 2541 657 2592 uiuo,
683 2542 906 2583 cercando
929 2542 970 2584 le
999 2543 1148 2584 donne
1172 2542 1334 2597 prime,
1361 2550 1405 2583 et
1434 2543 1613 2584 dandoli
1636 2541 1653 2567 b
1676 2557 1763 2584 vna
1786 2557 1873 2597 gu-

247 2617 514 2672 bernatrice,
541 2617 578 2660 51
603 2618 735 2661 etiam
759 2619 803 2659 in
826 2633 1041 2673 procurar
1063 2619 1107 2660 di
1126 2620 1319 2661 redunar
1342 2621 1383 2661 la
1405 2619 1774 2674 congregatione,
1795 2620 1877 2661 alla

247 2693 376 2746 quale
399 2693 433 2734 si
459 2708 580 2735 mese
603 2694 647 2734 in
673 2709 805 2736 mano
828 2695 935 2749 ogni
959 2709 1078 2749 cosa,
1106 2695 1142 2737 51
1168 2695 1298 2738 etiam
1320 2695 1362 2736 in
1383 2695 1594 2750 aggiutar
1619 2710 1642 2736 a
1670 2696 1733 2737 far
1751 2697 1790 2737 la
1810 2711 1877 2738 re·

294 2841 310 2857 a
371 2835 493 2869 Verba
513 2846 613 2879 quae
632 2838 853 2880 sequuntur
873 2847 993 2880 nsque
1012 2835 1066 2869 ad
1084 2835 1284 2879 vendutta,
1306 2835 1467 2880 suffecit
1490 2837 1686 2870 Polancus
1707 2840 1782 2882 pro
1801 2838 1871 2871 his.

246 2905 344 2938 quae
365 2894 491 2928 deleta
512 2897 620 2928 sunt:
640 2893 792 2928 edificio
812 2895 1027 2936 materiale,
1046 2895 1117 2928 che
1137 2894 1336 2929 essendosi
1356 2901 1490 2929 cauata
1510 2895 1644 2940 pietra,
1674 2901 1712 2930 et
1733 2896 1876 2930 vendu-

248 2952 319 2986 tasi
341 2963 406 2996 per
432 2959 495 2985 100
515 2951 658 2993 ducati,
680 2953 704 2986 li
723 2951 830 2986 dette
851 2953 884 2986 la
901 2952 1137 2998 Compagnia
1153 2964 1220 2997 per
1233 2952 1299 2986 dar
1316 2953 1514 2998 principiO,
1569 2955 1633 2980 —b
1662 2955 1874 2999 Sequentia

248 3022 368 3056 usque
386 3012 439 3045 ad
458 3022 478 3044 a
497 3010 565 3052 far,
591 3011 790 3046 Polancus
805 3012 977 3048 addidit.
