1971 3276
310 230 379 264 316
814 228 1001 263 POLANci
1030 235 1348 262 COMPLEMENTA

262 346 410 374 merus
435 332 637 384 fratrum,
668 337 714 372 ut
738 329 845 371 hinc
870 328 1061 384 primum
1085 328 1309 378 exordiar,
1335 341 1439 369 cum
1459 326 1608 368 studia
1631 341 1785 369 mense
1809 328 1902 369 No·

264 408 433 450 uemhri
459 422 537 463 pro
561 422 683 449 more
713 407 1090 458 instaurarentur,
1116 406 1259 446 multo
1283 403 1455 446 auctior
1480 405 1625 445 factus
1654 411 1737 454 est,
1771 418 1902 458 quam

261 499 443 540 sperare
466 485 688 540 quispiam
722 484 932 526 audebat.
963 484 1078 526 Cum
1110 483 1228 526 enim
1254 481 1496 523 multitudo
1527 480 1631 522 hinc
1663 495 1905 524 numerosa

262 562 304 603 in
331 562 540 617 regiones
564 561 785 615 diuersas,
813 561 935 614 quod
962 567 1116 614 postea
1140 559 1334 609 dicetur,
1362 557 1638 609 transmissa,
1661 557 1903 612 collegium

262 639 322 682 ita
367 639 696 694 propemodum
741 637 1041 687 exhausisset,
1085 643 1133 677 ut
1175 634 1438 691 paucissimi
1483 636 1568 676 hoc
1605 648 1723 676 anno
1767 634 1904 676 futuri

263 716 444 757 omnino
479 715 761 765 uiderentur,
795 714 906 756 adeo
935 727 1173 756 numerum
1211 714 1334 754 hunc
1363 711 1518 753 diuina
1555 711 1732 753 bonitas
1760 710 1901 762 auxit,

262 799 311 833 ut
330 792 462 835 etiam
482 791 617 834 solito
638 792 788 846 plures
812 790 897 832 iam
920 792 1087 832 Romae
1112 803 1317 845 agamus3
1344 788 1389 830 in
1413 787 1605 843 collegio
1625 787 1803 842 quidem
1822 788 1904 829 du-

259 869 395 919 centi,
421 868 543 910 domi
570 882 677 910 uero
702 867 796 911 fere
820 866 1126 922 septuaginta;
1149 866 1193 908 in
1213 879 1533 921 germanorum
1557 865 1663 908 item
1688 865 1899 919 collegio,

260 960 315 988 ex
337 945 506 987 nostris
531 944 695 1000 uiginti
725 951 935 999 quatuor.
969 943 1240 987 Sacerdotes
1265 948 1560 985 numerantur
1584 955 1705 983 nunc
1736 941 1780 982 in
1811 942 1905 983 col-

260 1022 379 1078 legio
402 1035 473 1075 403
502 1021 761 1075 theologiae
784 1020 1012 1062 auditores
1038 1030 1108 1073 5o;
1136 1019 1211 1073 qui
1236 1033 1409 1061 nouum
1436 1018 1597 1060 artium
1623 1018 1898 1060 curriculum

260 1099 454 1153 ingressi
478 1106 600 1149 sunt,
635 1108 707 1153 35,
735 1098 884 1152 plures
913 1097 1047 1139 etiam
1073 1111 1163 1138 non
1188 1097 1329 1138 multo
1354 1102 1469 1150 post,
1498 1101 1546 1137 ut
1570 1094 1809 1146 credimus,
1834 1094 1905 1136 fu—

259 1175 362 1228 turi3
390 1175 465 1230 qui
489 1175 711 1218 oratoriae
735 1173 938 1216 facultati
962 1174 1069 1215 dant
1094 1187 1296 1228 operam,
1329 1185 1400 1225 14.
1428 1173 1494 1214 Ex
1512 1172 1676 1226 quibus
1696 1172 1906 1213 omnibus

261 1252 407 1303 multi,
436 1260 484 1293 ut
508 1252 684 1306 magnis
707 1258 813 1293 sunt
837 1249 1047 1305 ingeniis,
1074 1250 1135 1292 ita
1159 1264 1248 1291 non
1273 1249 1452 1304 ineptos
1477 1249 1653 1291 futuros
1683 1263 1730 1290 se
1759 1248 1804 1290 in
1833 1248 1903 1289 vi-

259 1344 345 1372 nea
368 1328 548 1371 Domini
573 1327 799 1382 operarios
822 1327 909 1369 iam
936 1340 1058 1368 nunc
1093 1326 1374 1381 pollicentur.
1403 1327 1470 1367 De
1500 1326 1680 1367 duobus
1709 1324 1806 1367 aliis
1837 1340 1906 1367 ar·
1947 1330 1952 1332 ’

264 1406 373 1448 tium
398 1405 633 1447 curriculis
658 1419 746 1446 non
771 1411 839 1446 est
863 1404 983 1458 quod
1008 1410 1222 1458 repetam,
1250 1416 1366 1456 quae
1396 1402 1504 1444 alias
1533 1401 1786 1456 accepistiS.
1820 1402 1904 1444 Mi-
1958 1392 1963 1396 ⁴

268 1490 421 1526 rantur
450 1497 542 1524 non
575 1481 705 1537 pauci
738 1480 782 1522 in
814 1482 898 1522 hac
928 1481 1037 1521 urbe
1069 1479 1145 1534 qui
1173 1480 1251 1520 fiat
1282 1487 1331 1520 ut
1362 1486 1451 1522 tam
1481 1478 1660 1534 exiguis
1689 1492 1741 1520 ac
1770 1492 1909 1534 prope

265 1559 399 1601 nullis
423 1558 654 1609 reditibus,
682 1559 764 1599 hac
790 1556 1050 1612 praesertim
1075 1570 1285 1598 annonae
1309 1555 1511 1607 caritate,
1539 1569 1655 1609 quae
1686 1568 1789 1596 cum
1815 1556 1904 1597 Ro-

266 1651 363 1678 mae
387 1650 563 1690 semper
590 1635 721 1677 fuerit
746 1649 928 1689 magna,
956 1648 1077 1675 nunc
1101 1645 1222 1676 certe
1251 1641 1318 1675 est
1343 1632 1550 1682 maxima,
1585 1640 1674 1674 tam
1699 1631 1825 1673 multi
1861 1632 1907 1673 in

264 1716 349 1755 hoc
375 1711 571 1767 collegio
595 1711 654 1753 ita
677 1712 870 1762 alantur,
899 1717 946 1752 ut
971 1710 1083 1751 nihil
1107 1724 1262 1753 eorum
1287 1709 1372 1751 illis
1395 1709 1526 1761 desit,
1559 1723 1673 1763 quae
1703 1709 1758 1750 ad
1784 1708 1907 1750 uitae

265 1804 396 1831 usum
421 1796 526 1830 sunt
551 1787 819 1831 necessaria.
848 1788 943 1829 Nec
973 1801 1130 1842 parum
1161 1801 1244 1828 nos
1273 1786 1378 1828 item
1411 1786 1691 1839 miraremur,
1727 1799 1828 1826 cum
1860 1784 1905 1825 in

266 1868 350 1908 hac
377 1873 640 1921 paupertate
669 1864 803 1907 etiam
828 1864 872 1905 in
898 1863 1099 1918 partibus
1129 1863 1283 1904 multis
1305 1862 1485 1917 collegii
1515 1861 1835 1913 instaurandis,
1863 1869 1909 1904 et

267 1943 451 1997 templo,
478 1942 597 1996 quod
621 1941 666 1982 in
692 1942 854 1982 bonam
878 1940 965 1982 iarn
984 1939 1266 1982 altitudinem
1290 1939 1500 1990 surrexit,
1522 1939 1791 1989 extruendo,
1816 1952 1904 1980 non

267 2033 423 2073 parum
459 2018 689 2073 impensae
730 2017 860 2059 nobis
893 2024 1118 2068 crescant,
1154 2016 1241 2058 nisi
1283 2015 1367 2058 Dei
1403 2015 1548 2058 Patris
1586 2015 1739 2070 optimi
1773 2029 1908 2057 curae

268 2096 385 2137 filios
409 2110 515 2138 suos
538 2094 802 2136 commissos
824 2093 1198 2148 intelligeremus.

356 2184 396 2215 2.
465 2173 511 2213 In
553 2178 676 2213 tanta
720 2170 1023 2223 multitudine,
1067 2184 1238 2220 omnes,
1281 2169 1365 2211 Dei
1409 2169 1647 2224 beneficio,
1694 2183 1906 2224 prospera

268 2262 390 2290 nunc
421 2249 585 2290 vtimur
607 2247 881 2297 valetudine,
916 2253 1092 2301 praeter
1124 2260 1306 2301 paucos,
1340 2245 1415 2301 qui
1448 2260 1529 2288 nec
1561 2245 1643 2300 ipsi
1673 2245 1802 2299 graui
1832 2246 1906 2287 ad-

268 2326 449 2367 modum
488 2326 644 2367 morbo
677 2325 898 2375 laborant3
942 2323 1062 2377 quod
1101 2323 1263 2364 mirum
1306 2323 1419 2365 forte
1458 2322 1510 2364 iis
1546 2322 1691 2364 uideri
1731 2321 1905 2377 poterit,

268 2403 343 2456 qui
375 2409 556 2456 propter
579 2401 828 2456 proximam
859 2400 1034 2455 hyemis
1059 2400 1330 2455 praeteritae
1361 2399 1670 2454 intemperiem
1700 2413 1905 2453 grauem-

270 2493 357 2534 que
380 2478 573 2521 catarrhi
603 2478 695 2519 uim
719 2493 744 2521 e
767 2478 893 2520 caelo
916 2476 1197 2527 influentem,
1222 2484 1286 2518 tot
1309 2476 1540 2518 hominurn
1567 2476 1700 2518 millia
1724 2477 1906 2528 Romae,

268 2562 403 2610 atque
438 2556 552 2597 adeo
584 2562 673 2596 tota
706 2554 846 2608 ltalia,
890 2552 1147 2609 interiis[s]e
1182 2555 1268 2594 hoc
1302 2560 1519 2608 tempore,
1553 2560 1629 2595 aut
1664 2551 1904 2606 acceperit,

268 2640 344 2674 aut
369 2631 547 2676 uiderit.
571 2633 655 2673 Per
679 2632 763 2672 hos
786 2644 964 2674 menses
984 2629 1112 2684 pauci
1136 2644 1193 2672 ex
1218 2629 1382 2671 nostris
1411 2629 1599 2684 collegis
1624 2629 1764 2681 fuere,
1793 2643 1906 2683 quos

270 2708 522 2750 communis
556 2708 794 2750 catarrhus
833 2714 878 2748 et
914 2720 1016 2748 cum
1056 2707 1267 2748 catarrho
1310 2705 1447 2748 febris
1486 2720 1574 2748 non
1612 2705 1825 2756 affecerit,
1861 2711 1908 2746 ut

271 2784 403 2826 etiam
435 2783 736 2839 quadraginta
764 2784 922 2826 eodem
955 2790 1155 2838 ternpore
1188 2782 1233 2823 in
1272 2790 1428 2825 nostro
1468 2781 1794 2824 valetudinario
1831 2780 1906 2823 ali-

271 2862 450 2914 quando
473 2860 789 2911 decubuerint3
817 2859 892 2914 qui
916 2866 1066 2901 tamen
1090 2873 1260 2911 omnes,
1286 2858 1369 2902 Dei
1393 2858 1674 2913 benignitate
1696 2865 1741 2900 et
1763 2856 1904 2900 maxi-

274 2950 344 2978 ma
384 2944 638 2978 nostrorum
679 2938 865 2978 Patrum
899 2935 944 2977 in
978 2950 1087 2977 suos
1119 2935 1338 2978 charitate
1372 2943 1508 2989 atque
1540 2949 1660 2987 cura,
1696 2933 1907 2989 pristinae

274 3019 380 3054 sunt
420 3012 718 3054 incolumitati
756 3011 967 3063 restituti3
1011 3010 1221 3053 Patribus
1264 3012 1444 3053 duobus
1486 3010 1700 3065 exceptis,
1743 3023 1907 3064 magna
