1971 3276
308 239 376 284 548
806 240 994 275 POLANci
1020 249 1333 275 COMPLEMENTA

261 340 355 383 liari
379 355 516 383 manu
538 340 754 383 adiuuare
777 341 910 382 sicuti
939 340 1138 391 fecimus;
1161 342 1240 383 sed
1265 348 1313 383 ut
1336 342 1600 385 imminente
1624 342 1709 384 iam
1729 342 1894 398 praelio

262 418 435 460 facilius
457 419 514 461 de
537 418 745 460 hostibus
768 417 914 472 impiis
940 417 1174 460 uictoriam
1197 426 1551 473 consequantur,
1576 426 1654 461 aut
1683 419 1720 460 si
1748 433 1826 465 eos
1848 419 1893 461 in

261 494 428 549 praelio
447 500 634 537 mortem
658 501 871 550 oppetere
895 494 1157 549 contigerit,
1184 509 1266 550 pro
1289 495 1418 538 breui
1442 504 1486 538 et
1508 495 1680 538 caduca
1704 495 1796 538 uita
1817 509 1890 538 ae-

262 579 413 614 ternae
439 572 557 613 uitae
580 570 778 626 praemia
801 570 1122 625 adipiscantur3
1144 571 1199 613 de
1224 579 1375 614 uestra
1392 571 1627 623 charitate,
1649 572 1895 616 deuotione

261 648 585 702 diligentiaque
621 648 797 699 confisi,
837 662 917 690 uos
951 648 1006 690 ad
1042 648 1275 703 fungenda
1309 655 1461 691 uestra
1491 649 1622 692 solita
1655 648 1896 693 Societatis

259 725 405 768 officia
427 726 472 766 in
496 740 593 767 earn
624 726 818 768 classem
844 733 887 767 et
916 724 1164 777 exercitum
1189 725 1435 767 mittendos
1463 739 1563 768 esse
1590 725 1819 777 duximus;
1846 732 1896 767 ut

258 802 341 857 piis
365 802 600 856 praecibus
623 809 667 845 et
685 801 916 843 sacrificiis
941 802 1104 844 uestris
1134 801 1431 857 omnipotenti
1461 804 1559 845 Deo
1587 811 1894 858 propugnato-

260 893 330 921 res
359 893 465 921 suos
493 877 838 929 commendetis,
867 877 1067 933 ipsisque
1097 878 1332 932 militibus,
1368 879 1491 922 iuxta
1522 879 1594 935 pia
1616 887 1660 923 et
1684 878 1897 921 salutaria

262 957 398 1000 uestri
428 956 599 998 ordinis
627 955 851 1009 instituta,
878 963 1162 998 sacramenta
1195 955 1500 999 ecclesiastica
1529 955 1807 1000 ministretis.
1837 957 1898 998 Vt

259 1041 408 1075 autem
438 1034 526 1074 hoc
554 1032 702 1074 officio
734 1046 787 1074 eo
816 1032 1098 1074 commodius
1136 1032 1292 1087 fungi,
1322 1040 1367 1074 et
1399 1032 1649 1075 animarum
1682 1032 1815 1075 saluti
1845 1046 1898 1075 eo

259 1109 402 1163 magis
431 1109 650 1153 inseruire
679 1108 878 1164 possitis,
907 1122 996 1163 quo
1021 1108 1234 1152 maiorem
1263 1124 1289 1151 a
1310 1108 1441 1151 nobis
1465 1109 1723 1152 facultatem
1750 1108 1897 1151 uobis-

259 1200 360 1228 cum
379 1186 634 1237 attuleritis,
656 1186 785 1228 uobis
806 1193 850 1229 et
871 1185 1115 1240 unicuique
1140 1193 1357 1238 uestrum,
1378 1200 1769 1241 quorumcumque
1787 1186 1896 1240 Xpi.

258 1263 456 1306 fidelium
482 1264 538 1307 de
566 1278 618 1306 ea
650 1264 792 1305 classe
832 1270 876 1304 et
907 1262 1124 1315 exercitu,
1150 1270 1194 1304 et
1224 1262 1413 1304 aliorum
1444 1263 1488 1304 in
1523 1263 1618 1317 ipsa
1652 1263 1798 1305 insula
1822 1277 1899 1317 po-

260 1340 447 1382 sitorum
477 1339 790 1383 confessiones
829 1338 1058 1390 audiendi,
1095 1353 1264 1393 eosque
1296 1354 1321 1382 a
1350 1338 1712 1395 quibuscumque
1752 1339 1898 1382 crimi-

260 1417 408 1471 nibus,
435 1417 569 1459 etiam
593 1417 637 1458 in
662 1417 783 1458 bulla
808 1416 852 1457 in
877 1415 949 1459 die
979 1430 1148 1459 coenae
1177 1415 1359 1458 Domini
1389 1416 1564 1458 recitari
1599 1416 1729 1459 solita
1758 1431 1898 1460 reser-

264 1494 395 1546 uatis,
422 1493 624 1535 iniuncta
647 1492 930 1547 poenitentia
960 1491 1147 1534 salutari
1168 1491 1449 1547 absoluendi,
1475 1500 1520 1534 et
1543 1501 1648 1535 uota
1672 1507 1897 1547 quaecun-

261 1585 348 1623 que
371 1571 427 1612 ab
450 1568 536 1611 illis
561 1576 693 1611 antea
723 1569 904 1622 emissa,
938 1568 1138 1623 exceptis
1168 1569 1460 1623 paupertatis,
1493 1569 1710 1611 castitatis
1734 1576 1778 1612 et
1802 1570 1898 1612 reli-

261 1647 410 1701 gionis
440 1646 581 1699 uotis,
615 1645 657 1687 in
689 1645 773 1686 alia
805 1645 982 1700 pietatis
1020 1660 1155 1700 opera
1183 1646 1512 1697 commutandi,
1545 1655 1589 1689 et
1634 1646 1717 1689 alia
1750 1646 1899 1689 omnia

260 1724 425 1779 agendi
448 1730 492 1765 et
518 1722 710 1766 faciendi
733 1736 848 1776 quae
874 1722 969 1764 aliis
994 1722 1152 1765 litteris
1183 1722 1348 1764 nostris
1371 1722 1507 1764 huius
1540 1722 1681 1778 ipsius
1710 1723 1897 1778 expedi-

262 1800 394 1842 tionis
416 1813 552 1842 causa
581 1808 713 1842 antea
742 1798 1065 1853 concessimus,
1099 1814 1213 1853 quae
1238 1813 1318 1854 pro
1342 1799 1566 1854 expressis
1591 1799 1636 1841 in
1661 1799 1730 1841 his
1760 1800 1898 1842 literis

260 1876 412 1918 haberi
440 1877 665 1926 uolumus,
697 1882 963 1930 potestatem
998 1875 1273 1919 authoritate
1301 1875 1548 1930 apostolica
1580 1883 1733 1919 tenore
1763 1891 1896 1931 prae-

260 1952 454 1995 sentium
479 1953 639 1995 damus
669 1959 805 2006 atque
830 1952 1138 1994 concedimus.
1174 1951 1285 2007 Ipsis
1315 1961 1466 1996 autem
1499 1952 1729 2005 militibus,
1764 1961 1812 1995 ut
1845 1954 1901 1996 ad

259 2030 454 2072 salutare
472 2028 766 2070 confessionis
791 2036 1124 2070 sacramentum
1156 2028 1364 2083 praemiis
1388 2029 1697 2083 spiritualibus
1723 2029 1901 2072 inuitati

259 2105 530 2161 promptiore
554 2105 702 2147 animo
725 2104 904 2159 saepius
927 2105 1161 2159 accedant,
1188 2106 1243 2148 de
1267 2106 1587 2160 omnipotentis
1617 2107 1701 2148 Dei
1728 2106 1898 2149 miseri-

258 2182 428 2233 cordia,
455 2189 497 2224 et
523 2182 754 2225 beatorum
778 2181 875 2222 eius
898 2183 1203 2235 apostolorum
1231 2182 1351 2223 Petri
1374 2189 1419 2224 et
1451 2183 1579 2224 Pauli
1603 2183 1899 2236 authoritate,

260 2267 503 2312 nostraque
531 2258 726 2315 ,confish
763 2265 863 2312 5³³
894 2265 1184 2312 peccatorum
1215 2258 1353 2312 partis
1390 2258 1697 2302 remissionem
1737 2274 1789 2301 ac
1825 2273 1900 2302 ue-

260 2336 395 2386 niam,
437 2336 809 2390 quotiescumque
851 2334 1047 2376 confessi
1088 2334 1272 2385 fuerint,
1304 2335 1654 2379 misericorditer
1692 2336 1899 2391 indulge-

260 2426 373 2454 mus.
403 2413 775 2466 Presbyterorum
807 2425 986 2465 quoque
1015 2410 1283 2453 secularium
1314 2411 1390 2465 qui
1415 2411 1618 2453 habitum
1641 2412 1896 2460 clericalem

257 2489 567 2543 deposuerint,
589 2494 633 2531 et
653 2487 839 2529 aliarum
862 2487 1171 2541 religiosarum
1190 2501 1482 2542 personarum
1502 2502 1617 2542 quae
1635 2496 1897 2543 susceptam

259 2566 522 2620 religionem
546 2563 844 2616 deseruerint,
876 2563 913 2604 si
944 2563 1021 2617 qui
1053 2563 1097 2604 in
1132 2565 1289 2607 eodem
1323 2564 1527 2607 exercitu
1558 2564 1740 2616 fuerint,
1765 2564 1897 2606 saluti

256 2641 600 2684 misericorditer
623 2640 858 2682 consulere
883 2640 1102 2694 uolentes,
1134 2641 1432 2693 declaramus,
1465 2649 1508 2684 et
1538 2641 1782 2696 apostolica
1819 2655 1899 2683 au-

262 2718 472 2760 thoritate
500 2716 801 2768 decernimus,
837 2729 932 2768 eos,
966 2717 1084 2760 bello
1115 2717 1202 2759 hoc
1225 2718 1434 2769 durante,
1464 2717 1709 2759 dummodo
1732 2717 1896 2759 contri·

261 2793 424 2835 tionem
449 2795 662 2846 habeant,
682 2801 726 2835 et
745 2793 943 2835 animum
963 2802 1098 2847 atque
1116 2793 1396 2848 propositum
1416 2794 1562 2835 firmui
1612 2819 1671 2823 —
1687 2819 1745 2824 --
1769 2795 1785 2818 ²²
1804 2795 1895 2837 bel-

262 2869 303 2909 lo
326 2869 420 2923 ipso
443 2876 625 2924 peracto
653 2869 818 2924 agendi
850 2883 965 2924 quae
998 2876 1118 2912 recta
1147 2869 1254 2924 sint,
1286 2871 1405 2911 bono
1430 2869 1473 2911 in
1504 2876 1641 2925 statu,
1674 2870 1711 2912 si
1745 2884 1822 2912 eos
1852 2871 1896 2912 in

331 3034 348 3058 b
400 3032 554 3066 Attrita
574 3033 728 3066 charta.
