1971 3276
319 200 362 234 32
814 200 1002 238 POLANcl
1030 208 1347 235 coMPLEMENTA

265 302 308 342 (Γ
326 301 432 357 ogni
456 309 583 357 parte
606 301 724 344 doue
749 302 806 342 ha
829 300 1049 343 seminato
1071 301 1112 342 la
1135 302 1286 355 parola
1309 301 1364 343 de
1386 301 1495 353 Idio,
1523 301 1560 342 d'
1581 302 1722 343 bauer
1746 315 1878 357 proce

262 378 373 420 duto
396 378 700 421 debitamente
725 391 808 418 con
833 377 942 431 ogni
965 377 1117 418 fidelta
1140 383 1183 419 et
1207 376 1410 428 humilta,
1441 384 1485 420 et
1509 391 1594 419 con
1624 377 1896 420 ediffication

261 462 306 497 et
330 454 599 497 satisfattion
623 453 666 495 di
692 460 808 497 tutte
830 454 870 496 le
894 467 1084 508 persone
1108 454 1256 496 buone
1279 460 1309 497 ⁰.

352 530 419 574 2.⁰
483 531 567 573 Ch’
592 546 617 573 a
640 531 684 574 S.
718 531 768 573 E.
796 530 964 585 piaccia
988 537 1215 574 cometere
1239 532 1295 572 ad
1317 532 1479 573 alcuno
1511 530 1616 574 delli
1649 530 1898 574 fidelissimi

262 609 307 649 di
330 623 433 650 casa
456 622 553 662 sua,
580 609 666 650 che
689 608 801 650 veda
824 608 864 650 le
883 607 1002 648 bulle
1025 614 1069 648 et
1093 607 1236 650 brieui
1264 614 1309 648 et
1338 607 1438 649 altri
1473 607 1751 651 attestationi
1785 608 1899 651 della

263 684 518 726 institution
541 691 585 726 et
609 683 926 725 confirmation
949 683 992 725 di
1017 698 1116 726 essa
1139 684 1439 739 Compagnia,
1466 698 1552 726 con
1576 685 1734 728 lettere
1756 685 1812 728 de
1835 685 1899 726 di,

264 761 380 803 uersi
417 760 605 815 principi
635 767 678 802 et
708 760 882 814 prelati,
915 761 1032 802 onde
1062 759 1099 802 si
1128 761 1297 802 hauera
1319 760 1471 803 chiara
1500 760 1816 803 informatione
1854 770 1899 804 et

262 837 418 878 notitia
441 836 484 878 di
509 844 626 879 tutto
648 836 675 876 Γ
694 837 848 878 andar’
872 843 916 879 et
940 851 1098 891 operar
1121 850 1219 891 suo,
1248 844 1366 879 tutto
1391 837 1433 878 in
1460 836 1667 892 maggior
1689 837 1832 892 gloria
1855 847 1899 879 et

261 913 453 956 seruicio
476 915 530 956 de
559 914 667 968 Idio‚
695 914 917 969 sperando
940 915 1022 956 che
1046 914 1117 955 dal
1142 914 1273 955 buon'
1299 914 1437 957 odore
1466 913 1559 956 cosi
1584 928 1819 969 compreso
1845 915 1897 956 ri-

264 991 427 1033 ceuera
450 1004 539 1031 non
565 1004 680 1044 poco
706 990 869 1045 piacer'
897 991 922 1031 1⁷
947 989 1000 1033 E.
1020 990 1069 1033 S.
1095 1004 1175 1045 per
1196 1004 1278 1031 suo
1300 990 1423 1032 buon
1447 991 1544 1033 zelo
1566 988 1599 1032 d.

355 1068 421 1120 3.⁰
485 1066 869 1121 Supplichiamole
892 1068 976 1109 che
999 1066 1062 1108 sia
1086 1074 1296 1110 contenta
1323 1066 1366 1108 di
1391 1067 1641 1111 concedere
1664 1082 1688 1109 a
1712 1081 1783 1110 me
1807 1075 1851 1111 et
1875 1083 1898 1108 a

261 1158 319 1185 vn
343 1157 598 1198 compagno
622 1144 708 1186 che
733 1143 873 1196 siamo
897 1143 1055 1185 nouitii
1082 1142 1112 1196 ⁷,
1139 1150 1183 1185 et
1209 1143 1425 1185 facciamo
1450 1142 1717 1198 probatione
1735 1143 1779 1185 di
1798 1157 1898 1187 essa

262 1220 564 1275 Compagnia,
602 1221 685 1262 che
717 1220 944 1275 possiamo
973 1228 1120 1262 estare
1153 1219 1197 1262 in
1222 1220 1410 1263 Firenza
1439 1234 1517 1275 per
1545 1219 1726 1262 alchuni
1749 1220 1897 1275 giorni

260 1297 482 1340 seruendo
504 1311 529 1338 a
553 1296 708 1351 poueri
733 1311 810 1351 per
834 1297 897 1352 gli
925 1297 1172 1352 hospedali,
1204 1306 1247 1339 et
1281 1296 1603 1352 adgiutandoci
1636 1297 1709 1338 nel
1742 1296 1897 1352 spirito

262 1373 316 1415 de
339 1373 431 1415 Idio
450 1387 535 1414 con
560 1373 704 1427 gratia
729 1388 809 1415 sua
831 1373 1188 1428 simplicemente
1211 1380 1255 1416 et
1274 1373 1598 1427 quietamente,
1620 1387 1749 1417 come
1772 1374 1897 1415 suole

258 1457 304 1492 et
328 1449 533 1493 richiede
557 1450 592 1491 si
618 1449 759 1492 faccia
783 1449 812 1491 il
838 1451 895 1492 tal
920 1449 1127 1492 instituto
1151 1458 1180 1493 e.

348 1526 531 1569 Vltimo.
559 1526 608 1570 Si
631 1527 835 1582 supplica
857 1542 881 1569 a
906 1528 931 1568 l'
957 1529 1005 1569 E.
1031 1528 1100 1579 S„
1126 1528 1212 1570 che
1236 1526 1299 1570 sia
1322 1535 1535 1570 contenta
1565 1526 1758 1570 seruirse
1781 1527 1895 1569 della

260 1603 557 1658 Coinpagnia,
585 1610 629 1646 et
653 1605 910 1646 comandar’
942 1605 1047 1658 quel
1077 1605 1163 1647 che
1193 1604 1255 1660 gli
1287 1605 1445 1658 parera
1468 1606 1605 1647 esser’
1637 1604 1693 1645 ad
1726 1604 1896 1646 honore

257 1681 313 1723 de
336 1679 446 1730 Idio,
474 1688 627 1722 nostro
651 1695 824 1722 sommo
847 1680 1047 1735 signore,
1079 1689 1123 1725 et
1155 1682 1295 1723 frutto
1323 1680 1428 1724 delli
1459 1681 1612 1736 populi
1641 1680 1739 1722 suoi
1776 1680 1892 1724 nelle

258 1757 353 1798 loro
378 1757 540 1807 anime,
568 1757 880 1799 confidandoci
905 1758 1021 1800 nella
1044 1757 1192 1813 gratia
1215 1757 1383 1808 diuina,
1409 1758 1493 1799 che
1518 1757 1714 1800 secondo
1748 1757 1789 1800 le
1814 1757 1893 1798 de-

262 1833 347 1875 boli
374 1834 493 1876 forze
520 1834 575 1875 da
609 1848 708 1876 essa
733 1834 875 1889 gratia
909 1835 1187 1886 confirmate,
1215 1848 1271 1876 ne
1308 1833 1496 1876 riuscira
1528 1835 1652 1875 buon
1682 1833 1836 1876 effetto
1872 1848 1895 1874 a

261 1910 360 1952 lode
384 1910 426 1950 di
451 1911 543 1953 Sua
569 1909 740 1952 Maesta
773 1918 818 1952 et
841 1910 1091 1952 satisfation
1115 1911 1231 1954 della
1262 1911 1311 1953 E.
1346 1912 1414 1961 S.‚
1445 1924 1579 1952 senza
1610 1909 1693 1952 mai
1728 1911 1893 1951 tronar'

260 1986 303 2027 in
337 1986 410 2028 noi
439 1987 602 2028 alcuna
631 1986 978 2028 contradittione
1009 1988 1066 2029 ne
1095 1986 1336 2028 instabilita
1369 1986 1411 2028 cli
1441 1987 1644 2028 doctrina
1675 1994 1719 2030 et
1742 2001 1890 2041 opere,

261 2062 480 2104 conformi
513 2063 597 2104 alla
630 2071 782 2104 nostra
818 2062 1110 2117 professione,
1141 2078 1220 2118 per
1249 2063 1577 2106 acrescimento
1606 2063 1722 2106 della
1752 2063 1892 2118 gloria

260 2138 410 2181 diuina
433 2146 477 2181 et
501 2140 615 2181 della
635 2138 857 2181 catholica
882 2139 1098 2194 religione
1121 2138 1144 2182 f.

349 2216 388 2256 A
416 2219 559 2270 tergo.
588 2216 615 2271 †
646 2215 769 2269 1546.
796 2215 989 2258 Petition
1014 2216 1054 2257 al
1078 2216 1229 2270 duque
1252 2216 1307 2259 de
1332 2216 1572 2259 Florentia.

335 2365 350 2382 C
402 2357 446 2390 In
480 2368 634 2402 marg..-
665 2356 751 2390 Non
784 2356 924 2391 accade
957 2356 1064 2390 farlo.
1119 2358 1183 2382 -d
1218 2357 1262 2390 ln
1292 2368 1442 2397 marg..-
1482 2357 1532 2391 Vt
1564 2368 1690 2402 supra.
1758 2365 1818 2381 -e
1848 2355 1893 2388 In

263 2426 409 2460 marga
433 2415 611 2449 Faccinlo
631 2427 650 2449 a
676 2415 743 2450 lor'
767 2415 931 2460 piacere.
987 2416 1046 2441 —f
1070 2416 1114 2449 In
1138 2427 1287 2460 marga:
1317 2416 1479 2450 Faceino
1510 2427 1626 2460 opere
1652 2416 1792 2458 huone,
1822 2414 1893 2448 che

260 2485 422 2508 saranno
443 2474 533 2508 visti
553 2474 772 2509 volentieri.

333 2609 344 2627 ⁷
396 2609 495 2643 Vide
515 2621 642 2655 supra,
665 2615 796 2646 annot.
818 2619 850 2653 5.
