<?xml version="1.0" encoding="UTF-8"?>
<!DOCTYPE html PUBLIC "-//W3C//DTD XHTML 1.0 Transitional//EN"
    "http://www.w3.org/TR/xhtml1/DTD/xhtml1-transitional.dtd">
<html xmlns="http://www.w3.org/1999/xhtml" xml:lang="en" lang="en">
 <head>
  <title>
</title>
<meta http-equiv="Content-Type" content="text/html;charset=utf-8" />
  <meta name='ocr-system' content='tesseract 3.04.00' />
  <meta name='ocr-capabilities' content='ocr_page ocr_carea ocr_par ocr_line ocrx_word'/>
</head>
<body>
  <div class='ocr_page' id='page_1' title='image "./polancicomplemen06pola_0673.png"; bbox 0 0 1971 3276; ppageno 0'>
   <div class='ocr_carea' id='block_1_1' title="bbox 600 207 1690 254">
    <p class='ocr_par' dir='ltr' id='par_1_1' title="bbox 600 207 1690 254">
     <span class='ocr_line' id='line_1_1' title="bbox 600 207 1690 254; baseline 0.005 -14"><span class='ocrx_word' id='word_1_1' title='bbox 600 207 737 241; x_wconf 77' lang='lat' dir='ltr'><strong>Episr.</strong></span> <span class='ocrx_word' id='word_1_2' title='bbox 770 208 917 242; x_wconf 77' lang='lat'>128.—1</span> <span class='ocrx_word' id='word_1_3' title='bbox 944 209 1147 253; x_wconf 75' lang='lat' dir='ltr'>JANUARH</span> <span class='ocrx_word' id='word_1_4' title='bbox 1176 211 1262 254; x_wconf 85' lang='lat'>1567</span> <span class='ocrx_word' id='word_1_5' title='bbox 1626 211 1690 245; x_wconf 84' lang='lat'><strong>631</strong></span> 
     </span>
    </p>
   </div>
   <div class='ocr_carea' id='block_1_2' title="bbox 56 307 1757 3040">
    <p class='ocr_par' dir='ltr' id='par_1_2' title="bbox 115 307 1747 1512">
     <span class='ocr_line' id='line_1_2' title="bbox 120 307 1743 365; baseline 0.002 -16"><span class='ocrx_word' id='word_1_6' title='bbox 120 323 175 349; x_wconf 87' lang='lat' dir='ltr'><strong>na</strong></span> <span class='ocrx_word' id='word_1_7' title='bbox 202 322 356 351; x_wconf 89' lang='lat' dir='ltr'><strong>eorum</strong></span> <span class='ocrx_word' id='word_1_8' title='bbox 381 307 424 348; x_wconf 84' lang='lat' dir='ltr'><strong>in</strong></span> <span class='ocrx_word' id='word_1_9' title='bbox 449 308 597 348; x_wconf 89' lang='lat' dir='ltr'><strong>album</strong></span> <span class='ocrx_word' id='word_1_10' title='bbox 618 309 818 362; x_wconf 79' lang='lat' dir='ltr'><strong>referret,</strong></span> <span class='ocrx_word' id='word_1_11' title='bbox 840 323 890 350; x_wconf 91' lang='lat' dir='ltr'><strong>ac</strong></span> <span class='ocrx_word' id='word_1_12' title='bbox 918 309 1066 352; x_wconf 89' lang='lat' dir='ltr'><strong>uerbis</strong></span> <span class='ocrx_word' id='word_1_13' title='bbox 1086 310 1272 364; x_wconf 87' lang='lat' dir='ltr'><strong>tempori</strong></span> <span class='ocrx_word' id='word_1_14' title='bbox 1290 310 1648 365; x_wconf 79' lang='lat' dir='ltr'><strong>congruentibus</strong></span> <span class='ocrx_word' id='word_1_15' title='bbox 1665 325 1743 353; x_wconf 90' lang='lat' dir='ltr'><strong>eos</strong></span> 
     </span>
     <span class='ocr_line' id='line_1_3' title="bbox 115 384 1740 440; baseline 0.003 -15"><span class='ocrx_word' id='word_1_16' title='bbox 115 385 171 425; x_wconf 89' lang='lat' dir='ltr'><strong>ad</strong></span> <span class='ocrx_word' id='word_1_17' title='bbox 194 384 449 438; x_wconf 89' lang='lat' dir='ltr'><strong>patientiam</strong></span> <span class='ocrx_word' id='word_1_18' title='bbox 473 398 524 425; x_wconf 89' lang='lat' dir='ltr'><strong>ac</strong></span> <span class='ocrx_word' id='word_1_19' title='bbox 544 397 668 438; x_wconf 89' lang='lat' dir='ltr'><strong>spem</strong></span> <span class='ocrx_word' id='word_1_20' title='bbox 692 385 1112 440; x_wconf 78' lang='lat' dir='ltr'><strong>confessionemque</strong></span> <span class='ocrx_word' id='word_1_21' title='bbox 1136 388 1402 430; x_wconf 80' lang='lat' dir='ltr'><strong>hortaretur.</strong></span> <span class='ocrx_word' id='word_1_22' title='bbox 1430 388 1498 429; x_wconf 87' lang='lat' dir='ltr'><strong>Ac</strong></span> <span class='ocrx_word' id='word_1_23' title='bbox 1534 401 1740 430; x_wconf 88' lang='lat' dir='ltr'><strong>necessa-</strong></span> 
     </span>
     <span class='ocr_line' id='line_1_4' title="bbox 119 460 1743 519; baseline 0.003 -18"><span class='ocrx_word' id='word_1_24' title='bbox 119 460 182 501; x_wconf 87' lang='lat' dir='ltr'><strong>rio</strong></span> <span class='ocrx_word' id='word_1_25' title='bbox 206 460 389 501; x_wconf 91' lang='lat' dir='ltr'><strong>omnino</strong></span> <span class='ocrx_word' id='word_1_26' title='bbox 414 460 496 502; x_wconf 89' lang='lat' dir='ltr'><strong>fuit</strong></span> <span class='ocrx_word' id='word_1_27' title='bbox 520 461 634 503; x_wconf 90' lang='lat' dir='ltr'><strong>haec</strong></span> <span class='ocrx_word' id='word_1_28' title='bbox 657 460 850 503; x_wconf 81' lang='lat' dir='ltr'><strong>ostiatim</strong></span> <span class='ocrx_word' id='word_1_29' title='bbox 876 462 991 503; x_wconf 83' lang='lat' dir='ltr'><strong>facta</strong></span> <span class='ocrx_word' id='word_1_30' title='bbox 1022 462 1226 505; x_wconf 82' lang='lat' dir='ltr'><strong>lustratio</strong></span> <span class='ocrx_word' id='word_1_31' title='bbox 1250 464 1305 504; x_wconf 90' lang='lat' dir='ltr'><strong>ad</strong></span> <span class='ocrx_word' id='word_1_32' title='bbox 1328 478 1481 505; x_wconf 86' lang='lat' dir='ltr'><strong>eorum</strong></span> <span class='ocrx_word' id='word_1_33' title='bbox 1507 463 1743 519; x_wconf 78' lang='lat' dir='ltr'><strong>praecipue</strong></span> 
     </span>
     <span class='ocr_line' id='line_1_5' title="bbox 121 536 1743 595; baseline 0.004 -18"><span class='ocrx_word' id='word_1_34' title='bbox 121 536 318 579; x_wconf 82' lang='lat' dir='ltr'><strong>miserias</strong></span> <span class='ocrx_word' id='word_1_35' title='bbox 343 537 696 589; x_wconf 80' lang='lat' dir='ltr'><strong>cognoscendas,</strong></span> <span class='ocrx_word' id='word_1_36' title='bbox 722 536 796 591; x_wconf 92' lang='lat' dir='ltr'><strong>qui</strong></span> <span class='ocrx_word' id='word_1_37' title='bbox 820 552 968 580; x_wconf 91' lang='lat' dir='ltr'><strong>rerum</strong></span> <span class='ocrx_word' id='word_1_38' title='bbox 998 539 1197 580; x_wconf 90' lang='lat' dir='ltr'><strong>omnium</strong></span> <span class='ocrx_word' id='word_1_39' title='bbox 1228 554 1410 594; x_wconf 90' lang='lat' dir='ltr'><strong>prorsus</strong></span> <span class='ocrx_word' id='word_1_40' title='bbox 1439 547 1643 595; x_wconf 83' lang='lat' dir='ltr'><strong>egentes,</strong></span> <span class='ocrx_word' id='word_1_41' title='bbox 1669 540 1743 583; x_wconf 93' lang='lat' dir='ltr'><strong>de-</strong></span> 
     </span>
     <span class='ocr_line' id='line_1_6' title="bbox 118 612 1743 671; baseline 0.002 -16"><span class='ocrx_word' id='word_1_42' title='bbox 118 613 240 664; x_wconf 82' lang='lat' dir='ltr'><strong>serti,</strong></span> <span class='ocrx_word' id='word_1_43' title='bbox 268 626 350 655; x_wconf 91' lang='lat' dir='ltr'><strong>nec</strong></span> <span class='ocrx_word' id='word_1_44' title='bbox 374 612 456 668; x_wconf 91' lang='lat' dir='ltr'><strong>ipsi</strong></span> <span class='ocrx_word' id='word_1_45' title='bbox 487 619 640 668; x_wconf 90' lang='lat' dir='ltr'><strong>petere</strong></span> <span class='ocrx_word' id='word_1_46' title='bbox 669 613 848 656; x_wconf 81' lang='lat' dir='ltr'><strong>aliunde</strong></span> <span class='ocrx_word' id='word_1_47' title='bbox 878 614 1128 656; x_wconf 90' lang='lat' dir='ltr'><strong>subsidium</strong></span> <span class='ocrx_word' id='word_1_48' title='bbox 1159 624 1379 671; x_wconf 79' lang='lat' dir='ltr'><strong>poterant,</strong></span> <span class='ocrx_word' id='word_1_49' title='bbox 1412 631 1495 660; x_wconf 91' lang='lat' dir='ltr'><strong>nec</strong></span> <span class='ocrx_word' id='word_1_50' title='bbox 1527 617 1664 659; x_wconf 89' lang='lat' dir='ltr'><strong>ullum</strong></span> <span class='ocrx_word' id='word_1_51' title='bbox 1700 617 1743 658; x_wconf 93' lang='lat' dir='ltr'><strong>in</strong></span> 
     </span>
     <span class='ocr_line' id='line_1_7' title="bbox 121 689 1744 745; baseline 0.003 -15"><span class='ocrx_word' id='word_1_52' title='bbox 121 696 243 730; x_wconf 87' lang='lat' dir='ltr'><strong>tanta</strong></span> <span class='ocrx_word' id='word_1_53' title='bbox 268 689 536 740; x_wconf 80' lang='lat' dir='ltr'><strong>calamitate,</strong></span> <span class='ocrx_word' id='word_1_54' title='bbox 572 704 661 731; x_wconf 91' lang='lat' dir='ltr'><strong>non</strong></span> <span class='ocrx_word' id='word_1_55' title='bbox 693 690 824 731; x_wconf 91' lang='lat' dir='ltr'><strong>modo</strong></span> <span class='ocrx_word' id='word_1_56' title='bbox 854 691 1179 733; x_wconf 87' lang='lat' dir='ltr'><strong>consolatorem</strong></span> <span class='ocrx_word' id='word_1_57' title='bbox 1210 700 1286 734; x_wconf 88' lang='lat' dir='ltr'><strong>aut</strong></span> <span class='ocrx_word' id='word_1_58' title='bbox 1316 693 1548 745; x_wconf 87' lang='lat' dir='ltr'><strong>famulum,</strong></span> <span class='ocrx_word' id='word_1_59' title='bbox 1581 694 1659 736; x_wconf 88' lang='lat' dir='ltr'><strong>sed</strong></span> <span class='ocrx_word' id='word_1_60' title='bbox 1689 707 1744 735; x_wconf 93' lang='lat' dir='ltr'><strong>ne</strong></span> 
     </span>
     <span class='ocr_line' id='line_1_8' title="bbox 120 765 1732 825; baseline 0.003 -19"><span class='ocrx_word' id='word_1_61' title='bbox 120 766 349 807; x_wconf 84' lang='lat' dir='ltr'><strong>conscium</strong></span> <span class='ocrx_word' id='word_1_62' title='bbox 375 765 553 819; x_wconf 89' lang='lat' dir='ltr'><strong>quidem</strong></span> <span class='ocrx_word' id='word_1_63' title='bbox 578 780 890 808; x_wconf 86' lang='lat' dir='ltr'><strong>aerumnarum</strong></span> <span class='ocrx_word' id='word_1_64' title='bbox 911 768 1150 819; x_wconf 83' lang='lat' dir='ltr'><strong>habebant3</strong></span> <span class='ocrx_word' id='word_1_65' title='bbox 1172 768 1422 810; x_wconf 90' lang='lat' dir='ltr'><strong>cuiusmodi</strong></span> <span class='ocrx_word' id='word_1_66' title='bbox 1446 770 1572 811; x_wconf 87' lang='lat' dir='ltr'><strong>multi</strong></span> <span class='ocrx_word' id='word_1_67' title='bbox 1597 784 1732 825; x_wconf 86' lang='lat' dir='ltr'><strong>reper-</strong></span> 
     </span>
     <span class='ocr_line' id='line_1_9' title="bbox 120 841 1744 900; baseline 0.004 -18"><span class='ocrx_word' id='word_1_68' title='bbox 120 841 151 882; x_wconf 90' lang='lat' dir='ltr'><strong>ti</strong></span> <span class='ocrx_word' id='word_1_69' title='bbox 175 850 280 883; x_wconf 87' lang='lat' dir='ltr'><strong>sunt</strong></span> <span class='ocrx_word' id='word_1_70' title='bbox 309 841 353 882; x_wconf 89' lang='lat' dir='ltr'><strong>in</strong></span> <span class='ocrx_word' id='word_1_71' title='bbox 385 843 517 883; x_wconf 91' lang='lat' dir='ltr'><strong>horas</strong></span> <span class='ocrx_word' id='word_1_72' title='bbox 546 842 750 898; x_wconf 88' lang='lat' dir='ltr'><strong>singulas</strong></span> <span class='ocrx_word' id='word_1_73' title='bbox 781 854 967 885; x_wconf 87' lang='lat' dir='ltr'><strong>mortem</strong></span> <span class='ocrx_word' id='word_1_74' title='bbox 1002 851 1309 899; x_wconf 85' lang='lat' dir='ltr'><strong>expectantes,</strong></span> <span class='ocrx_word' id='word_1_75' title='bbox 1336 852 1381 888; x_wconf 91' lang='lat' dir='ltr'><strong>et</strong></span> <span class='ocrx_word' id='word_1_76' title='bbox 1414 846 1592 900; x_wconf 89' lang='lat' dir='ltr'><strong>quidem</strong></span> <span class='ocrx_word' id='word_1_77' title='bbox 1627 846 1744 888; x_wconf 91' lang='lat' dir='ltr'><strong>intra</strong></span> 
     </span>
     <span class='ocr_line' id='line_1_10' title="bbox 119 918 1746 977; baseline 0.003 -18"><span class='ocrx_word' id='word_1_78' title='bbox 119 918 276 959; x_wconf 83' lang='lat' dir='ltr'><strong>domos</strong></span> <span class='ocrx_word' id='word_1_79' title='bbox 299 918 476 970; x_wconf 87' lang='lat' dir='ltr'><strong>inclusi,</strong></span> <span class='ocrx_word' id='word_1_80' title='bbox 504 927 551 960; x_wconf 91' lang='lat' dir='ltr'><strong>ut</strong></span> <span class='ocrx_word' id='word_1_81' title='bbox 575 919 741 961; x_wconf 89' lang='lat' dir='ltr'><strong>nostris</strong></span> <span class='ocrx_word' id='word_1_82' title='bbox 764 920 1048 974; x_wconf 84' lang='lat' dir='ltr'><strong>pulsantibus</strong></span> <span class='ocrx_word' id='word_1_83' title='bbox 1071 921 1265 973; x_wconf 89' lang='lat' dir='ltr'><strong>ianuam,</strong></span> <span class='ocrx_word' id='word_1_84' title='bbox 1293 936 1426 965; x_wconf 87' lang='lat' dir='ltr'><strong>nemo</strong></span> <span class='ocrx_word' id='word_1_85' title='bbox 1456 923 1746 977; x_wconf 77' lang='lat' dir='ltr'><strong>responderet</strong></span> 
     </span>
     <span class='ocr_line' id='line_1_11' title="bbox 120 995 1746 1052; baseline 0.002 -16"><span class='ocrx_word' id='word_1_86' title='bbox 120 995 359 1037; x_wconf 88' lang='lat' dir='ltr'><strong>interdum.</strong></span> <span class='ocrx_word' id='word_1_87' title='bbox 398 996 453 1036; x_wconf 87' lang='lat' dir='ltr'><strong>Et</strong></span> <span class='ocrx_word' id='word_1_88' title='bbox 486 995 627 1049; x_wconf 89' lang='lat' dir='ltr'><strong>primo</strong></span> <span class='ocrx_word' id='word_1_89' title='bbox 659 997 837 1050; x_wconf 91' lang='lat' dir='ltr'><strong>quidem</strong></span> <span class='ocrx_word' id='word_1_90' title='bbox 873 997 946 1038; x_wconf 90' lang='lat' dir='ltr'><strong>illa</strong></span> <span class='ocrx_word' id='word_1_91' title='bbox 979 997 1160 1039; x_wconf 83' lang='lat' dir='ltr'><strong>subibat</strong></span> <span class='ocrx_word' id='word_1_92' title='bbox 1192 998 1342 1052; x_wconf 88' lang='lat' dir='ltr'><strong>opinio</strong></span> <span class='ocrx_word' id='word_1_93' title='bbox 1381 1013 1548 1040; x_wconf 86' lang='lat' dir='ltr'><strong>uacuas</strong></span> <span class='ocrx_word' id='word_1_94' title='bbox 1589 1000 1746 1041; x_wconf 89' lang='lat' dir='ltr'><strong>domos</strong></span> 
     </span>
     <span class='ocr_line' id='line_1_12' title="bbox 120 1071 1744 1129; baseline 0.002 -15"><span class='ocrx_word' id='word_1_95' title='bbox 120 1086 233 1122; x_wconf 88' lang='lat' dir='ltr'><strong>esse;</strong></span> <span class='ocrx_word' id='word_1_96' title='bbox 261 1071 439 1122; x_wconf 84' lang='lat' dir='ltr'><strong>deinde,</strong></span> <span class='ocrx_word' id='word_1_97' title='bbox 468 1071 596 1115; x_wconf 87' lang='lat' dir='ltr'><strong>ueriti</strong></span> <span class='ocrx_word' id='word_1_98' title='bbox 623 1087 677 1115; x_wconf 90' lang='lat' dir='ltr'><strong>ne</strong></span> <span class='ocrx_word' id='word_1_99' title='bbox 704 1073 823 1126; x_wconf 89' lang='lat' dir='ltr'><strong>quod</strong></span> <span class='ocrx_word' id='word_1_100' title='bbox 844 1073 946 1114; x_wconf 89' lang='lat' dir='ltr'><strong>alibi</strong></span> <span class='ocrx_word' id='word_1_101' title='bbox 966 1082 1207 1125; x_wconf 86' lang='lat' dir='ltr'><strong>euenerat,</strong></span> <span class='ocrx_word' id='word_1_102' title='bbox 1230 1074 1346 1115; x_wconf 90' lang='lat' dir='ltr'><strong>idem</strong></span> <span class='ocrx_word' id='word_1_103' title='bbox 1372 1074 1430 1115; x_wconf 88' lang='lat' dir='ltr'><strong>ibi</strong></span> <span class='ocrx_word' id='word_1_104' title='bbox 1455 1090 1632 1129; x_wconf 88' lang='lat' dir='ltr'><strong>quoque</strong></span> <span class='ocrx_word' id='word_1_105' title='bbox 1656 1089 1744 1117; x_wconf 89' lang='lat' dir='ltr'><strong>con</strong></span> 
     </span>
     <span class='ocr_line' id='line_1_13' title="bbox 123 1147 1744 1205; baseline 0.002 -16"><span class='ocrx_word' id='word_1_106' title='bbox 123 1148 332 1202; x_wconf 83' lang='lat' dir='ltr'><strong>tingeret,</strong></span> <span class='ocrx_word' id='word_1_107' title='bbox 367 1147 561 1189; x_wconf 89' lang='lat' dir='ltr'><strong>claustra</strong></span> <span class='ocrx_word' id='word_1_108' title='bbox 595 1149 835 1203; x_wconf 77' lang='lat' dir='ltr'><strong>effringere</strong></span> <span class='ocrx_word' id='word_1_109' title='bbox 870 1156 1141 1193; x_wconf 90' lang='lat' dir='ltr'><strong>statuerunt.</strong></span> <span class='ocrx_word' id='word_1_110' title='bbox 1183 1149 1426 1192; x_wconf 86' lang='lat' dir='ltr'><strong>Patefactis</strong></span> <span class='ocrx_word' id='word_1_111' title='bbox 1459 1151 1609 1205; x_wconf 91' lang='lat' dir='ltr'><strong>itaque</strong></span> <span class='ocrx_word' id='word_1_112' title='bbox 1645 1152 1744 1193; x_wconf 87' lang='lat' dir='ltr'><strong>fori-</strong></span> 
     </span>
     <span class='ocr_line' id='line_1_14' title="bbox 120 1224 1744 1282; baseline 0.003 -17"><span class='ocrx_word' id='word_1_113' title='bbox 120 1225 220 1274; x_wconf 87' lang='lat' dir='ltr'><strong>bus,</strong></span> <span class='ocrx_word' id='word_1_114' title='bbox 248 1224 402 1266; x_wconf 89' lang='lat' dir='ltr'><strong>decern</strong></span> <span class='ocrx_word' id='word_1_115' title='bbox 427 1225 699 1279; x_wconf 87' lang='lat' dir='ltr'><strong>quandoque</strong></span> <span class='ocrx_word' id='word_1_116' title='bbox 721 1225 1020 1269; x_wconf 90' lang='lat' dir='ltr'><strong>duodecimue</strong></span> <span class='ocrx_word' id='word_1_117' title='bbox 1048 1227 1275 1281; x_wconf 85' lang='lat' dir='ltr'><strong>mortales,</strong></span> <span class='ocrx_word' id='word_1_118' title='bbox 1303 1241 1390 1269; x_wconf 89' lang='lat' dir='ltr'><strong>una</strong></span> <span class='ocrx_word' id='word_1_119' title='bbox 1413 1227 1615 1282; x_wconf 85' lang='lat' dir='ltr'><strong>maritus,</strong></span> <span class='ocrx_word' id='word_1_120' title='bbox 1640 1242 1744 1270; x_wconf 92' lang='lat' dir='ltr'><strong>con-</strong></span> 
     </span>
     <span class='ocr_line' id='line_1_15' title="bbox 120 1300 1747 1359; baseline 0.004 -18"><span class='ocrx_word' id='word_1_121' title='bbox 120 1300 212 1355; x_wconf 83' lang='lat' dir='ltr'><strong>iux,</strong></span> <span class='ocrx_word' id='word_1_122' title='bbox 236 1300 377 1351; x_wconf 87' lang='lat' dir='ltr'><strong>liberi,</strong></span> <span class='ocrx_word' id='word_1_123' title='bbox 399 1301 628 1355; x_wconf 87' lang='lat' dir='ltr'><strong>ceterique</strong></span> <span class='ocrx_word' id='word_1_124' title='bbox 646 1301 931 1344; x_wconf 85' lang='lat' dir='ltr'><strong>semianimes</strong></span> <span class='ocrx_word' id='word_1_125' title='bbox 950 1303 1241 1357; x_wconf 90' lang='lat' dir='ltr'><strong>apparebant;</strong></span> <span class='ocrx_word' id='word_1_126' title='bbox 1264 1303 1466 1345; x_wconf 89' lang='lat' dir='ltr'><strong>nonnulli</strong></span> <span class='ocrx_word' id='word_1_127' title='bbox 1486 1304 1618 1347; x_wconf 88' lang='lat' dir='ltr'><strong>etiam</strong></span> <span class='ocrx_word' id='word_1_128' title='bbox 1645 1320 1747 1359; x_wconf 89' lang='lat' dir='ltr'><strong>prae</strong></span> 
     </span>
     <span class='ocr_line' id='line_1_16' title="bbox 120 1376 1744 1436; baseline 0.003 -19"><span class='ocrx_word' id='word_1_129' title='bbox 120 1376 284 1432; x_wconf 82' lang='lat' dir='ltr'><strong>inopia,</strong></span> <span class='ocrx_word' id='word_1_130' title='bbox 313 1378 434 1418; x_wconf 84' lang='lat' dir='ltr'><strong>nullo</strong></span> <span class='ocrx_word' id='word_1_131' title='bbox 458 1391 546 1418; x_wconf 92' lang='lat' dir='ltr'><strong>non</strong></span> <span class='ocrx_word' id='word_1_132' title='bbox 570 1378 703 1420; x_wconf 93' lang='lat' dir='ltr'><strong>modo</strong></span> <span class='ocrx_word' id='word_1_133' title='bbox 725 1378 843 1420; x_wconf 90' lang='lat' dir='ltr'><strong>lecto</strong></span> <span class='ocrx_word' id='word_1_134' title='bbox 869 1379 938 1421; x_wconf 91' lang='lat' dir='ltr'><strong>uel</strong></span> <span class='ocrx_word' id='word_1_135' title='bbox 962 1379 1171 1431; x_wconf 87' lang='lat' dir='ltr'><strong>culcitra,</strong></span> <span class='ocrx_word' id='word_1_136' title='bbox 1197 1380 1275 1422; x_wconf 89' lang='lat' dir='ltr'><strong>sed</strong></span> <span class='ocrx_word' id='word_1_137' title='bbox 1299 1394 1354 1422; x_wconf 92' lang='lat' dir='ltr'><strong>ne</strong></span> <span class='ocrx_word' id='word_1_138' title='bbox 1377 1388 1523 1422; x_wconf 88' lang='lat' dir='ltr'><strong>storea</strong></span> <span class='ocrx_word' id='word_1_139' title='bbox 1547 1381 1744 1436; x_wconf 89' lang='lat' dir='ltr'><strong>quidem,</strong></span> 
     </span>
     <span class='ocr_line' id='line_1_17' title="bbox 120 1453 1746 1512; baseline 0.005 -18"><span class='ocrx_word' id='word_1_140' title='bbox 120 1453 164 1494; x_wconf 91' lang='lat' dir='ltr'><strong>in</strong></span> <span class='ocrx_word' id='word_1_141' title='bbox 190 1454 310 1494; x_wconf 89' lang='lat' dir='ltr'><strong>nudo</strong></span> <span class='ocrx_word' id='word_1_142' title='bbox 333 1454 429 1495; x_wconf 87' lang='lat' dir='ltr'><strong>solo</strong></span> <span class='ocrx_word' id='word_1_143' title='bbox 453 1454 669 1498; x_wconf 80' lang='lat' dir='ltr'><strong>iacenteS.</strong></span> <span class='ocrx_word' id='word_1_144' title='bbox 695 1455 877 1509; x_wconf 79' lang='lat' dir='ltr'><strong>Quanta</strong></span> <span class='ocrx_word' id='word_1_145' title='bbox 909 1468 1017 1498; x_wconf 87' lang='lat' dir='ltr'><strong>uero</strong></span> <span class='ocrx_word' id='word_1_146' title='bbox 1047 1455 1214 1499; x_wconf 90' lang='lat' dir='ltr'><strong>laetitia</strong></span> <span class='ocrx_word' id='word_1_147' title='bbox 1243 1456 1549 1511; x_wconf 85' lang='lat' dir='ltr'><strong>ingredientes</strong></span> <span class='ocrx_word' id='word_1_148' title='bbox 1571 1458 1746 1512; x_wconf 86' lang='lat' dir='ltr'><strong>excipe-</strong></span> 
     </span>
    </p>

    <p class='ocr_par' dir='ltr' id='par_1_3' title="bbox 56 1530 1748 1968">
     <span class='ocr_line' id='line_1_18' title="bbox 122 1530 1748 1588; baseline 0.004 -18"><span class='ocrx_word' id='word_1_149' title='bbox 122 1537 234 1583; x_wconf 88' lang='lat' dir='ltr'><strong>rent,</strong></span> <span class='ocrx_word' id='word_1_150' title='bbox 266 1530 415 1572; x_wconf 88' lang='lat' dir='ltr'><strong>uerbis</strong></span> <span class='ocrx_word' id='word_1_151' title='bbox 438 1531 651 1573; x_wconf 88' lang='lat' dir='ltr'><strong>declarari</strong></span> <span class='ocrx_word' id='word_1_152' title='bbox 675 1545 761 1572; x_wconf 91' lang='lat' dir='ltr'><strong>non</strong></span> <span class='ocrx_word' id='word_1_153' title='bbox 787 1538 950 1586; x_wconf 88' lang='lat' dir='ltr'><strong>potest.</strong></span> <span class='ocrx_word' id='word_1_154' title='bbox 977 1531 1067 1574; x_wconf 88' lang='lat' dir='ltr'><strong>Alii</strong></span> <span class='ocrx_word' id='word_1_155' title='bbox 1085 1546 1186 1574; x_wconf 90' lang='lat' dir='ltr'><strong>cum</strong></span> <span class='ocrx_word' id='word_1_156' title='bbox 1207 1533 1432 1588; x_wconf 88' lang='lat' dir='ltr'><strong>insperato</strong></span> <span class='ocrx_word' id='word_1_157' title='bbox 1449 1534 1524 1575; x_wconf 92' lang='lat' dir='ltr'><strong>illo</strong></span> <span class='ocrx_word' id='word_1_158' title='bbox 1547 1534 1748 1576; x_wconf 86' lang='lat' dir='ltr'><strong>subsidio</strong></span> 
     </span>
     <span class='ocr_line' id='line_1_19' title="bbox 56 1589 1747 1665; baseline 0.004 -19"><span class='ocrx_word' id='word_1_159' title='bbox 56 1589 62 1594; x_wconf 85' lang='lat'><strong><em>.</em></strong></span> <span class='ocrx_word' id='word_1_160' title='bbox 119 1607 336 1649; x_wconf 85' lang='lat' dir='ltr'><strong>coelestes</strong></span> <span class='ocrx_word' id='word_1_161' title='bbox 359 1606 542 1648; x_wconf 88' lang='lat' dir='ltr'><strong>nuntios</strong></span> <span class='ocrx_word' id='word_1_162' title='bbox 567 1608 623 1649; x_wconf 89' lang='lat' dir='ltr'><strong>ad</strong></span> <span class='ocrx_word' id='word_1_163' title='bbox 646 1621 694 1649; x_wconf 87' lang='lat' dir='ltr'><strong>se</strong></span> <span class='ocrx_word' id='word_1_164' title='bbox 718 1607 935 1650; x_wconf 88' lang='lat' dir='ltr'><strong>diuinitus</strong></span> <span class='ocrx_word' id='word_1_165' title='bbox 958 1608 1117 1650; x_wconf 89' lang='lat' dir='ltr'><strong>missos</strong></span> <span class='ocrx_word' id='word_1_166' title='bbox 1142 1609 1283 1651; x_wconf 88' lang='lat' dir='ltr'><strong>uideri</strong></span> <span class='ocrx_word' id='word_1_167' title='bbox 1305 1609 1389 1651; x_wconf 90' lang='lat' dir='ltr'><strong>sibi</strong></span> <span class='ocrx_word' id='word_1_168' title='bbox 1419 1610 1646 1665; x_wconf 86' lang='lat' dir='ltr'><strong>dicebant,</strong></span> <span class='ocrx_word' id='word_1_169' title='bbox 1674 1610 1747 1652; x_wconf 91' lang='lat' dir='ltr'><strong>alii</strong></span> 
     </span>
     <span class='ocr_line' id='line_1_20' title="bbox 118 1682 1748 1739; baseline 0.003 -15"><span class='ocrx_word' id='word_1_170' title='bbox 118 1682 315 1724; x_wconf 90' lang='lat' dir='ltr'><strong>diuinam</strong></span> <span class='ocrx_word' id='word_1_171' title='bbox 335 1690 636 1738; x_wconf 86' lang='lat' dir='ltr'><strong>agnoscentes</strong></span> <span class='ocrx_word' id='word_1_172' title='bbox 653 1684 954 1738; x_wconf 89' lang='lat' dir='ltr'><strong>clementiam,</strong></span> <span class='ocrx_word' id='word_1_173' title='bbox 977 1685 1182 1727; x_wconf 88' lang='lat' dir='ltr'><strong>lacrimas</strong></span> <span class='ocrx_word' id='word_1_174' title='bbox 1201 1700 1290 1727; x_wconf 91' lang='lat' dir='ltr'><strong>non</strong></span> <span class='ocrx_word' id='word_1_175' title='bbox 1311 1687 1538 1739; x_wconf 89' lang='lat' dir='ltr'><strong>tenebant;</strong></span> <span class='ocrx_word' id='word_1_176' title='bbox 1559 1686 1629 1729; x_wconf 87' lang='lat' dir='ltr'><strong>alii</strong></span> <span class='ocrx_word' id='word_1_177' title='bbox 1649 1701 1748 1731; x_wconf 89' lang='lat' dir='ltr'><strong>sese</strong></span> 
     </span>
     <span class='ocr_line' id='line_1_21' title="bbox 118 1759 1744 1816; baseline 0.003 -15"><span class='ocrx_word' id='word_1_178' title='bbox 118 1759 347 1814; x_wconf 87' lang='lat' dir='ltr'><strong>erigentes</strong></span> <span class='ocrx_word' id='word_1_179' title='bbox 370 1759 413 1800; x_wconf 94' lang='lat' dir='ltr'><strong>in</strong></span> <span class='ocrx_word' id='word_1_180' title='bbox 438 1774 604 1814; x_wconf 88' lang='lat' dir='ltr'><strong>genua,</strong></span> <span class='ocrx_word' id='word_1_181' title='bbox 628 1759 890 1815; x_wconf 81' lang='lat' dir='ltr'><strong>linguam’in</strong></span> <span class='ocrx_word' id='word_1_182' title='bbox 910 1763 1020 1804; x_wconf 88' lang='lat' dir='ltr'><strong>haec</strong></span> <span class='ocrx_word' id='word_1_183' title='bbox 1037 1768 1081 1804; x_wconf 94' lang='lat' dir='ltr'><strong>et</strong></span> <span class='ocrx_word' id='word_1_184' title='bbox 1105 1762 1189 1804; x_wconf 86' lang='lat' dir='ltr'><strong>alia</strong></span> <span class='ocrx_word' id='word_1_185' title='bbox 1213 1762 1471 1816; x_wconf 87' lang='lat' dir='ltr'><strong>huiusmodi</strong></span> <span class='ocrx_word' id='word_1_186' title='bbox 1496 1764 1633 1806; x_wconf 90' lang='lat' dir='ltr'><strong>uerba</strong></span> <span class='ocrx_word' id='word_1_187' title='bbox 1658 1765 1744 1806; x_wconf 87' lang='lat' dir='ltr'><strong>sol-</strong></span> 
     </span>
     <span class='ocr_line' id='line_1_22' title="bbox 125 1836 1746 1896; baseline 0.004 -20"><span class='ocrx_word' id='word_1_188' title='bbox 125 1836 307 1877; x_wconf 91' lang='lat' dir='ltr'><strong>uebant:</strong></span> <span class='ocrx_word' id='word_1_189' title='bbox 335 1836 567 1878; x_wconf 87' lang='lat' dir='ltr'><strong>Benedicti</strong></span> <span class='ocrx_word' id='word_1_190' title='bbox 594 1851 689 1888; x_wconf 86' lang='lat' dir='ltr'><strong>uos,</strong></span> <span class='ocrx_word' id='word_1_191' title='bbox 718 1837 868 1892; x_wconf 89' lang='lat' dir='ltr'><strong>angeli</strong></span> <span class='ocrx_word' id='word_1_192' title='bbox 894 1837 1090 1891; x_wconf 90' lang='lat' dir='ltr'><strong>Domini,</strong></span> <span class='ocrx_word' id='word_1_193' title='bbox 1118 1838 1194 1892; x_wconf 90' lang='lat' dir='ltr'><strong>qui</strong></span> <span class='ocrx_word' id='word_1_194' title='bbox 1214 1846 1416 1881; x_wconf 91' lang='lat' dir='ltr'><strong>nostrum</strong></span> <span class='ocrx_word' id='word_1_195' title='bbox 1439 1840 1572 1883; x_wconf 89' lang='lat' dir='ltr'><strong>hodie</strong></span> <span class='ocrx_word' id='word_1_196' title='bbox 1595 1847 1639 1884; x_wconf 94' lang='lat' dir='ltr'><strong>et</strong></span> <span class='ocrx_word' id='word_1_197' title='bbox 1662 1841 1746 1896; x_wconf 88' lang='lat' dir='ltr'><strong>spi-</strong></span> 
     </span>
     <span class='ocr_line' id='line_1_23' title="bbox 124 1910 1273 1968; baseline 0.005 -17"><span class='ocrx_word' id='word_1_198' title='bbox 124 1910 256 1952; x_wconf 87' lang='lat' dir='ltr'><strong>ritum</strong></span> <span class='ocrx_word' id='word_1_199' title='bbox 282 1913 336 1953; x_wconf 88' lang='lat' dir='ltr'><strong>ab</strong></span> <span class='ocrx_word' id='word_1_200' title='bbox 360 1911 529 1967; x_wconf 90' lang='lat' dir='ltr'><strong>inferis,</strong></span> <span class='ocrx_word' id='word_1_201' title='bbox 555 1921 599 1955; x_wconf 93' lang='lat' dir='ltr'><strong>et</strong></span> <span class='ocrx_word' id='word_1_202' title='bbox 623 1926 786 1967; x_wconf 90' lang='lat' dir='ltr'><strong>corpus</strong></span> <span class='ocrx_word' id='word_1_203' title='bbox 809 1928 832 1955; x_wconf 92' lang='lat' dir='ltr'><strong>a</strong></span> <span class='ocrx_word' id='word_1_204' title='bbox 853 1914 1060 1968; x_wconf 89' lang='lat' dir='ltr'><strong>sepulcro</strong></span> <span class='ocrx_word' id='word_1_205' title='bbox 1079 1914 1273 1957; x_wconf 89' lang='lat' dir='ltr'><strong>eruistis.</strong></span> 
     </span>
    </p>

    <p class='ocr_par' dir='ltr' id='par_1_4' title="bbox 122 1989 1757 3040">
     <span class='ocr_line' id='line_1_24' title="bbox 208 1989 1750 2049; baseline 0.003 -19"><span class='ocrx_word' id='word_1_206' title='bbox 208 1989 281 2040; x_wconf 82' lang='grc'><strong>48.</strong></span> <span class='ocrx_word' id='word_1_207' title='bbox 352 1990 591 2031; x_wconf 88' lang='lat' dir='ltr'><strong>Paululum</strong></span> <span class='ocrx_word' id='word_1_208' title='bbox 612 1990 697 2031; x_wconf 93' lang='lat' dir='ltr'><strong>hoc</strong></span> <span class='ocrx_word' id='word_1_209' title='bbox 717 1990 915 2033; x_wconf 91' lang='lat' dir='ltr'><strong>remedio</strong></span> <span class='ocrx_word' id='word_1_210' title='bbox 935 1990 1179 2045; x_wconf 88' lang='lat' dir='ltr'><strong>respirasse</strong></span> <span class='ocrx_word' id='word_1_211' title='bbox 1194 1991 1281 2033; x_wconf 87' lang='lat' dir='ltr'><strong>iam</strong></span> <span class='ocrx_word' id='word_1_212' title='bbox 1302 1992 1573 2035; x_wconf 89' lang='lat' dir='ltr'><strong>uidebantur</strong></span> <span class='ocrx_word' id='word_1_213' title='bbox 1591 2008 1750 2049; x_wconf 89' lang='lat' dir='ltr'><strong>aegro-</strong></span> 
     </span>
     <span class='ocr_line' id='line_1_25' title="bbox 122 2064 1749 2125; baseline 0.004 -19"><span class='ocrx_word' id='word_1_214' title='bbox 122 2064 168 2115; x_wconf 83' lang='lat' dir='ltr'><strong>ti3</strong></span> <span class='ocrx_word' id='word_1_215' title='bbox 197 2072 493 2107; x_wconf 80' lang='lat' dir='ltr'><strong>ueruntamen</strong></span> <span class='ocrx_word' id='word_1_216' title='bbox 518 2066 685 2109; x_wconf 88' lang='lat' dir='ltr'><strong>maiora</strong></span> <span class='ocrx_word' id='word_1_217' title='bbox 710 2068 850 2109; x_wconf 89' lang='lat' dir='ltr'><strong>multo</strong></span> <span class='ocrx_word' id='word_1_218' title='bbox 872 2067 1070 2109; x_wconf 87' lang='lat' dir='ltr'><strong>subsidia</strong></span> <span class='ocrx_word' id='word_1_219' title='bbox 1095 2075 1271 2123; x_wconf 88' lang='lat' dir='ltr'><strong>tempus</strong></span> <span class='ocrx_word' id='word_1_220' title='bbox 1294 2076 1338 2110; x_wconf 93' lang='lat' dir='ltr'><strong>et</strong></span> <span class='ocrx_word' id='word_1_221' title='bbox 1356 2070 1601 2112; x_wconf 84' lang='lat' dir='ltr'><strong>necessitas</strong></span> <span class='ocrx_word' id='word_1_222' title='bbox 1624 2070 1749 2125; x_wconf 90' lang='lat' dir='ltr'><strong>flagi-</strong></span> 
     </span>
     <span class='ocr_line' id='line_1_26' title="bbox 125 2142 1749 2199; baseline 0.004 -17"><span class='ocrx_word' id='word_1_223' title='bbox 125 2142 260 2193; x_wconf 88' lang='lat' dir='ltr'><strong>tabat;</strong></span> <span class='ocrx_word' id='word_1_224' title='bbox 288 2142 501 2193; x_wconf 87' lang='lat' dir='ltr'><strong>medicos,</strong></span> <span class='ocrx_word' id='word_1_225' title='bbox 531 2144 785 2197; x_wconf 86' lang='lat' dir='ltr'><strong>pharmaca,</strong></span> <span class='ocrx_word' id='word_1_226' title='bbox 813 2151 960 2187; x_wconf 88' lang='lat' dir='ltr'><strong>certos</strong></span> <span class='ocrx_word' id='word_1_227' title='bbox 983 2151 1026 2187; x_wconf 94' lang='lat' dir='ltr'><strong>et</strong></span> <span class='ocrx_word' id='word_1_228' title='bbox 1050 2145 1376 2188; x_wconf 90' lang='lat' dir='ltr'><strong>conuenientes</strong></span> <span class='ocrx_word' id='word_1_229' title='bbox 1398 2145 1537 2199; x_wconf 92' lang='lat' dir='ltr'><strong>cibos,</strong></span> <span class='ocrx_word' id='word_1_230' title='bbox 1566 2147 1749 2190; x_wconf 85' lang='lat' dir='ltr'><strong>famula-</strong></span> 
     </span>
     <span class='ocr_line' id='line_1_27' title="bbox 125 2219 1750 2278; baseline 0.004 -20"><span class='ocrx_word' id='word_1_231' title='bbox 125 2226 218 2259; x_wconf 90' lang='lat' dir='ltr'><strong>tum</strong></span> <span class='ocrx_word' id='word_1_232' title='bbox 242 2225 285 2260; x_wconf 90' lang='lat' dir='ltr'><strong>et</strong></span> <span class='ocrx_word' id='word_1_233' title='bbox 309 2219 409 2261; x_wconf 91' lang='lat' dir='ltr'><strong>alia.</strong></span> <span class='ocrx_word' id='word_1_234' title='bbox 437 2220 596 2273; x_wconf 89' lang='lat' dir='ltr'><strong>Itaque</strong></span> <span class='ocrx_word' id='word_1_235' title='bbox 618 2233 773 2262; x_wconf 89' lang='lat' dir='ltr'><strong>rursus</strong></span> <span class='ocrx_word' id='word_1_236' title='bbox 796 2221 851 2267; x_wconf 91' lang='lat' dir='ltr'><strong>de</strong></span> <span class='ocrx_word' id='word_1_237' title='bbox 874 2221 1030 2263; x_wconf 89' lang='lat' dir='ltr'><strong>eadem</strong></span> <span class='ocrx_word' id='word_1_238' title='bbox 1055 2236 1102 2264; x_wconf 89' lang='lat' dir='ltr'><strong>re</strong></span> <span class='ocrx_word' id='word_1_239' title='bbox 1128 2221 1273 2263; x_wconf 86' lang='lat' dir='ltr'><strong>uisum</strong></span> <span class='ocrx_word' id='word_1_240' title='bbox 1296 2229 1364 2264; x_wconf 89' lang='lat' dir='ltr'><strong>est</strong></span> <span class='ocrx_word' id='word_1_241' title='bbox 1383 2223 1546 2265; x_wconf 83' lang='lat' dir='ltr'><strong>referre</strong></span> <span class='ocrx_word' id='word_1_242' title='bbox 1565 2223 1619 2265; x_wconf 90' lang='lat' dir='ltr'><strong>ad</strong></span> <span class='ocrx_word' id='word_1_243' title='bbox 1643 2238 1750 2278; x_wconf 91' lang='lat' dir='ltr'><strong>pon-</strong></span> 
     </span>
     <span class='ocr_line' id='line_1_28' title="bbox 127 2294 1754 2353; baseline 0.006 -19"><span class='ocrx_word' id='word_1_244' title='bbox 127 2294 306 2336; x_wconf 85' lang='lat' dir='ltr'><strong>tificem.</strong></span> <span class='ocrx_word' id='word_1_245' title='bbox 335 2295 450 2337; x_wconf 91' lang='lat' dir='ltr'><strong>Cum</strong></span> <span class='ocrx_word' id='word_1_246' title='bbox 473 2295 645 2338; x_wconf 91' lang='lat' dir='ltr'><strong>interea</strong></span> <span class='ocrx_word' id='word_1_247' title='bbox 668 2303 878 2350; x_wconf 87' lang='lat' dir='ltr'><strong>quattuor</strong></span> <span class='ocrx_word' id='word_1_248' title='bbox 903 2296 1023 2351; x_wconf 76' lang='lat' dir='ltr'><strong>ipsos</strong></span> <span class='ocrx_word' id='word_1_249' title='bbox 1048 2298 1119 2340; x_wconf 92' lang='lat' dir='ltr'><strong>uel</strong></span> <span class='ocrx_word' id='word_1_250' title='bbox 1149 2297 1349 2352; x_wconf 90' lang='lat' dir='ltr'><strong>quinque</strong></span> <span class='ocrx_word' id='word_1_251' title='bbox 1371 2298 1482 2349; x_wconf 84' lang='lat' dir='ltr'><strong>dies,</strong></span> <span class='ocrx_word' id='word_1_252' title='bbox 1508 2299 1667 2353; x_wconf 88' lang='lat' dir='ltr'><strong>partim</strong></span> <span class='ocrx_word' id='word_1_253' title='bbox 1698 2314 1754 2343; x_wconf 87' lang='lat' dir='ltr'><strong>ex</strong></span> 
     </span>
     <span class='ocr_line' id='line_1_29' title="bbox 124 2370 1752 2429; baseline 0.004 -17"><span class='ocrx_word' id='word_1_254' title='bbox 124 2385 177 2413; x_wconf 93' lang='lat' dir='ltr'><strong>eo</strong></span> <span class='ocrx_word' id='word_1_255' title='bbox 201 2371 321 2424; x_wconf 89' lang='lat' dir='ltr'><strong>quod</strong></span> <span class='ocrx_word' id='word_1_256' title='bbox 344 2385 368 2412; x_wconf 93' lang='lat' dir='ltr'><strong>e</strong></span> <span class='ocrx_word' id='word_1_257' title='bbox 392 2370 616 2425; x_wconf 89' lang='lat' dir='ltr'><strong>pontificis</strong></span> <span class='ocrx_word' id='word_1_258' title='bbox 638 2372 908 2415; x_wconf 85' lang='lat' dir='ltr'><strong>eleemosina</strong></span> <span class='ocrx_word' id='word_1_259' title='bbox 938 2373 1125 2427; x_wconf 87' lang='lat' dir='ltr'><strong>aliisque</strong></span> <span class='ocrx_word' id='word_1_260' title='bbox 1147 2383 1394 2428; x_wconf 85' lang='lat' dir='ltr'><strong>supererat,</strong></span> <span class='ocrx_word' id='word_1_261' title='bbox 1422 2375 1579 2429; x_wconf 81' lang='lat' dir='ltr'><strong>partim</strong></span> <span class='ocrx_word' id='word_1_262' title='bbox 1605 2389 1629 2417; x_wconf 93' lang='lat' dir='ltr'><strong>e</strong></span> <span class='ocrx_word' id='word_1_263' title='bbox 1652 2389 1752 2427; x_wconf 87' lang='lat' dir='ltr'><strong>suo,</strong></span> 
     </span>
     <span class='ocr_line' id='line_1_30' title="bbox 124 2446 1750 2506; baseline 0.003 -19"><span class='ocrx_word' id='word_1_264' title='bbox 124 2460 215 2488; x_wconf 87' lang='lat' dir='ltr'><strong>rem</strong></span> <span class='ocrx_word' id='word_1_265' title='bbox 241 2453 380 2488; x_wconf 86' lang='lat' dir='ltr'><strong>totam</strong></span> <span class='ocrx_word' id='word_1_266' title='bbox 406 2446 545 2488; x_wconf 91' lang='lat' dir='ltr'><strong>nostri</strong></span> <span class='ocrx_word' id='word_1_267' title='bbox 568 2461 622 2489; x_wconf 88' lang='lat' dir='ltr'><strong>ex</strong></span> <span class='ocrx_word' id='word_1_268' title='bbox 649 2455 840 2501; x_wconf 90' lang='lat' dir='ltr'><strong>utroque</strong></span> <span class='ocrx_word' id='word_1_269' title='bbox 862 2448 1057 2502; x_wconf 87' lang='lat' dir='ltr'><strong>collegio</strong></span> <span class='ocrx_word' id='word_1_270' title='bbox 1084 2448 1374 2501; x_wconf 91' lang='lat' dir='ltr'><strong>sustinerent;</strong></span> <span class='ocrx_word' id='word_1_271' title='bbox 1401 2449 1538 2504; x_wconf 91' lang='lat' dir='ltr'><strong>inque</strong></span> <span class='ocrx_word' id='word_1_272' title='bbox 1567 2465 1750 2506; x_wconf 87' lang='lat' dir='ltr'><strong>germa-</strong></span> 
     </span>
     <span class='ocr_line' id='line_1_31' title="bbox 125 2523 1753 2580; baseline 0.004 -17"><span class='ocrx_word' id='word_1_273' title='bbox 125 2523 226 2563; x_wconf 91' lang='lat' dir='ltr'><strong>nico</strong></span> <span class='ocrx_word' id='word_1_274' title='bbox 254 2523 441 2577; x_wconf 91' lang='lat' dir='ltr'><strong>propriis</strong></span> <span class='ocrx_word' id='word_1_275' title='bbox 465 2523 678 2578; x_wconf 89' lang='lat' dir='ltr'><strong>impensis</strong></span> <span class='ocrx_word' id='word_1_276' title='bbox 700 2524 812 2575; x_wconf 88' lang='lat' dir='ltr'><strong>iura,</strong></span> <span class='ocrx_word' id='word_1_277' title='bbox 840 2532 1046 2578; x_wconf 87' lang='lat' dir='ltr'><strong>contusa,</strong></span> <span class='ocrx_word' id='word_1_278' title='bbox 1068 2525 1313 2580; x_wconf 87' lang='lat' dir='ltr'><strong>pulmenta,</strong></span> <span class='ocrx_word' id='word_1_279' title='bbox 1333 2525 1507 2580; x_wconf 91' lang='lat' dir='ltr'><strong>aliaque</strong></span> <span class='ocrx_word' id='word_1_280' title='bbox 1526 2527 1753 2570; x_wconf 87' lang='lat' dir='ltr'><strong>delicatio-</strong></span> 
     </span>
     <span class='ocr_line' id='line_1_32' title="bbox 128 2597 1753 2658; baseline 0.005 -20"><span class='ocrx_word' id='word_1_281' title='bbox 128 2612 173 2639; x_wconf 93' lang='lat' dir='ltr'><strong>ra</strong></span> <span class='ocrx_word' id='word_1_282' title='bbox 196 2597 239 2639; x_wconf 94' lang='lat' dir='ltr'><strong>id</strong></span> <span class='ocrx_word' id='word_1_283' title='bbox 258 2612 405 2653; x_wconf 87' lang='lat' dir='ltr'><strong>genus</strong></span> <span class='ocrx_word' id='word_1_284' title='bbox 428 2599 575 2641; x_wconf 91' lang='lat' dir='ltr'><strong>edulia</strong></span> <span class='ocrx_word' id='word_1_285' title='bbox 600 2607 876 2653; x_wconf 89' lang='lat' dir='ltr'><strong>pararentur.</strong></span> <span class='ocrx_word' id='word_1_286' title='bbox 907 2601 1045 2642; x_wconf 89' lang='lat' dir='ltr'><strong>Plane</strong></span> <span class='ocrx_word' id='word_1_287' title='bbox 1068 2600 1154 2643; x_wconf 90' lang='lat' dir='ltr'><strong>iam</strong></span> <span class='ocrx_word' id='word_1_288' title='bbox 1180 2615 1249 2643; x_wconf 89' lang='lat' dir='ltr'><strong>res</strong></span> <span class='ocrx_word' id='word_1_289' title='bbox 1274 2601 1533 2656; x_wconf 86' lang='lat' dir='ltr'><strong>procedere,</strong></span> <span class='ocrx_word' id='word_1_290' title='bbox 1559 2610 1604 2645; x_wconf 94' lang='lat' dir='ltr'><strong>et</strong></span> <span class='ocrx_word' id='word_1_291' title='bbox 1628 2617 1753 2658; x_wconf 89' lang='lat' dir='ltr'><strong>prae-</strong></span> 
     </span>
     <span class='ocr_line' id='line_1_33' title="bbox 126 2674 1756 2731; baseline 0.003 -16"><span class='ocrx_word' id='word_1_292' title='bbox 126 2675 244 2716; x_wconf 88' lang='lat' dir='ltr'><strong>clare</strong></span> <span class='ocrx_word' id='word_1_293' title='bbox 280 2674 381 2728; x_wconf 91' lang='lat' dir='ltr'><strong>poni</strong></span> <span class='ocrx_word' id='word_1_294' title='bbox 417 2688 552 2730; x_wconf 89' lang='lat' dir='ltr'><strong>opera</strong></span> <span class='ocrx_word' id='word_1_295' title='bbox 587 2675 842 2719; x_wconf 88' lang='lat' dir='ltr'><strong>uidebatur.</strong></span> <span class='ocrx_word' id='word_1_296' title='bbox 879 2676 1105 2731; x_wconf 77' lang='lat' dir='ltr'><strong>Quocirca</strong></span> <span class='ocrx_word' id='word_1_297' title='bbox 1137 2677 1227 2718; x_wconf 92' lang='lat' dir='ltr'><strong>duo</strong></span> <span class='ocrx_word' id='word_1_298' title='bbox 1259 2677 1315 2720; x_wconf 93' lang='lat' dir='ltr'><strong>de</strong></span> <span class='ocrx_word' id='word_1_299' title='bbox 1348 2678 1513 2720; x_wconf 90' lang='lat' dir='ltr'><strong>nostris</strong></span> <span class='ocrx_word' id='word_1_300' title='bbox 1544 2692 1647 2720; x_wconf 90' lang='lat' dir='ltr'><strong>cum</strong></span> <span class='ocrx_word' id='word_1_301' title='bbox 1682 2679 1756 2720; x_wconf 93' lang='lat' dir='ltr'><strong>illo</strong></span> 
     </span>
     <span class='ocr_line' id='line_1_34' title="bbox 128 2743 1756 2810; baseline 0.003 -19"><span class='ocrx_word' id='word_1_302' title='bbox 128 2747 260 2804; x_wconf 88' lang='lat' dir='ltr'><strong>quem</strong></span> <span class='ocrx_word' id='word_1_303' title='bbox 295 2751 385 2792; x_wconf 88' lang='lat' dir='ltr'><strong>dixi</strong></span> <span class='ocrx_word' id='word_1_304' title='bbox 417 2766 600 2794; x_wconf 91' lang='lat' dir='ltr'><strong>romano</strong></span> <span class='ocrx_word' id='word_1_305' title='bbox 634 2743 813 2807; x_wconf 84' lang='lat' dir='ltr'><strong>patritio</strong></span> <span class='ocrx_word' id='word_1_306' title='bbox 848 2753 1104 2808; x_wconf 89' lang='lat' dir='ltr'><strong>pontificem</strong></span> <span class='ocrx_word' id='word_1_307' title='bbox 1140 2754 1324 2806; x_wconf 83' lang='lat' dir='ltr'><strong>adeunt3</strong></span> <span class='ocrx_word' id='word_1_308' title='bbox 1356 2769 1427 2798; x_wconf 86' lang='lat' dir='ltr'><strong>res</strong></span> <span class='ocrx_word' id='word_1_309' title='bbox 1460 2768 1548 2810; x_wconf 88' lang='lat' dir='ltr'><strong>quo</strong></span> <span class='ocrx_word' id='word_1_310' title='bbox 1582 2755 1637 2797; x_wconf 84' lang='lat' dir='ltr'><strong>sit</strong></span> <span class='ocrx_word' id='word_1_311' title='bbox 1670 2755 1756 2798; x_wconf 91' lang='lat' dir='ltr'><strong>loci</strong></span> 
     </span>
     <span class='ocr_line' id='line_1_35' title="bbox 130 2827 1757 2886; baseline 0.004 -19"><span class='ocrx_word' id='word_1_312' title='bbox 130 2827 455 2880; x_wconf 87' lang='lat' dir='ltr'><strong>demonstrant;</strong></span> <span class='ocrx_word' id='word_1_313' title='bbox 483 2828 599 2869; x_wconf 89' lang='lat' dir='ltr'><strong>ultro</strong></span> <span class='ocrx_word' id='word_1_314' title='bbox 622 2829 817 2872; x_wconf 91' lang='lat' dir='ltr'><strong>offerunt</strong></span> <span class='ocrx_word' id='word_1_315' title='bbox 848 2829 891 2871; x_wconf 91' lang='lat' dir='ltr'><strong>in</strong></span> <span class='ocrx_word' id='word_1_316' title='bbox 917 2844 1164 2884; x_wconf 90' lang='lat' dir='ltr'><strong>pauperum</strong></span> <span class='ocrx_word' id='word_1_317' title='bbox 1200 2829 1445 2874; x_wconf 90' lang='lat' dir='ltr'><strong>ministeria</strong></span> <span class='ocrx_word' id='word_1_318' title='bbox 1479 2839 1702 2886; x_wconf 90' lang='lat' dir='ltr'><strong>quotquot</strong></span> <span class='ocrx_word' id='word_1_319' title='bbox 1732 2845 1757 2874; x_wconf 92' lang='lat' dir='ltr'><strong>e</strong></span> 
     </span>
     <span class='ocr_line' id='line_1_36' title="bbox 130 2903 1756 2960; baseline 0.004 -16"><span class='ocrx_word' id='word_1_320' title='bbox 130 2910 280 2945; x_wconf 88' lang='lat' dir='ltr'><strong>nostra</strong></span> <span class='ocrx_word' id='word_1_321' title='bbox 307 2903 531 2946; x_wconf 85' lang='lat' dir='ltr'><strong>Societate</strong></span> <span class='ocrx_word' id='word_1_322' title='bbox 554 2919 669 2960; x_wconf 88' lang='lat' dir='ltr'><strong>opus</strong></span> <span class='ocrx_word' id='word_1_323' title='bbox 689 2905 869 2956; x_wconf 89' lang='lat' dir='ltr'><strong>fuerint;</strong></span> <span class='ocrx_word' id='word_1_324' title='bbox 898 2906 1095 2960; x_wconf 86' lang='lat' dir='ltr'><strong>pontifex</strong></span> <span class='ocrx_word' id='word_1_325' title='bbox 1118 2906 1193 2960; x_wconf 88' lang='lat' dir='ltr'><strong>qui</strong></span> <span class='ocrx_word' id='word_1_326' title='bbox 1214 2913 1337 2949; x_wconf 88' lang='lat' dir='ltr'><strong>tanto</strong></span> <span class='ocrx_word' id='word_1_327' title='bbox 1356 2907 1493 2951; x_wconf 90' lang='lat' dir='ltr'><strong>Urbis</strong></span> <span class='ocrx_word' id='word_1_328' title='bbox 1510 2908 1756 2950; x_wconf 90' lang='lat' dir='ltr'><strong>incommo-</strong></span> 
     </span>
     <span class='ocr_line' id='line_1_37' title="bbox 133 2980 1756 3040; baseline 0.004 -20"><span class='ocrx_word' id='word_1_329' title='bbox 133 2980 190 3020; x_wconf 93' lang='lat' dir='ltr'><strong>do</strong></span> <span class='ocrx_word' id='word_1_330' title='bbox 215 2993 487 3034; x_wconf 84' lang='lat' dir='ltr'><strong>magnopere</strong></span> <span class='ocrx_word' id='word_1_331' title='bbox 511 2987 808 3034; x_wconf 89' lang='lat' dir='ltr'><strong>torqueretur,</strong></span> <span class='ocrx_word' id='word_1_332' title='bbox 833 2982 1015 3037; x_wconf 89' lang='lat' dir='ltr'><strong>cognita</strong></span> <span class='ocrx_word' id='word_1_333' title='bbox 1033 2996 1095 3036; x_wconf 93' lang='lat' dir='ltr'><strong>re,</strong></span> <span class='ocrx_word' id='word_1_334' title='bbox 1122 2997 1224 3024; x_wconf 90' lang='lat' dir='ltr'><strong>cum</strong></span> <span class='ocrx_word' id='word_1_335' title='bbox 1251 2983 1423 3027; x_wconf 92' lang='lat' dir='ltr'><strong>uideret</strong></span> <span class='ocrx_word' id='word_1_336' title='bbox 1446 2984 1586 3040; x_wconf 83' lang='lat' dir='ltr'><strong>ipsius</strong></span> <span class='ocrx_word' id='word_1_337' title='bbox 1608 2999 1756 3028; x_wconf 88' lang='lat' dir='ltr'><strong>exem·</strong></span> 
     </span>
    </p>
   </div>
  </div>
 </body>
</html>
