1971 3276
305 216 376 260 304
812 215 1000 250 PoLANci
1027 223 1346 250 COMPLEMENTA

259 320 391 360 Patre
418 324 594 360 rectore
618 317 895 371 legerentur,
921 315 1094 358 audiuit
1123 329 1178 357 eo
1211 314 1348 357 animi
1373 322 1514 366 motu,
1542 322 1591 356 ut
1623 315 1698 357 uix
1723 316 1891 371 lachry-

255 409 350 436 mas
373 394 641 436 contineret.
676 393 984 448 Quamobrem
1017 392 1228 434 maiorem
1258 392 1303 432 in
1327 392 1424 433 dies
1453 391 1572 446 capit
1604 406 1658 435 ex
1683 406 1762 434 sua
1785 406 1894 447 erga

254 486 336 513 nos
365 471 630 514 liberalitate
662 470 876 525 leticiam,
910 469 1042 512 cuius
1069 469 1349 512 euidentiora
1378 477 1646 523 argumenta
1676 470 1888 522 o‘stendit,

255 555 349 590 tum
372 562 472 590 cum
497 547 615 589 dorni
651 561 759 590 suae
789 546 833 588 in
858 546 1092 588 cuiusdam
1120 545 1264 588 Patris
1288 545 1443 600 nostri,
1471 545 1547 600 qui
1578 560 1669 588 rem
1693 545 1891 588 diuinam

251 626 371 680 apud
394 639 491 667 eam
529 625 675 667 facere
714 624 903 674 solebat,
940 623 1023 678 piis
1059 630 1103 664 et
1137 622 1359 678 religiosis
1392 622 1675 665 sermonibus
1704 622 1892 666 audiens

253 701 473 756 originem
507 708 549 742 et
586 700 946 756 progressionem
981 707 1161 742 nostrae
1197 699 1438 743 Societatis
1478 699 1706 754 uitamque
1747 700 1892 742 Patris

253 777 438 833 Ignacii,
465 791 645 832 quoque
670 778 802 819 modo
826 778 898 818 ille
921 776 1141 818 diuinitus
1164 777 1419 828 instinctus,
1445 793 1470 819 a
1494 776 1707 827 mortalis,
1729 777 1785 818 ad
1807 777 1887 819 im·

252 854 450 896 mortalis
474 853 759 909 imperatoris
785 853 993 896 miliciam
1015 868 1112 897 sese
1132 853 1447 905 transtulisset,
1472 853 1590 897 Fieri
1613 868 1702 895 non
1727 861 1887 908 potest,

251 931 411 985 inquit,
441 940 487 973 ut
511 933 620 974 haec
643 931 846 974 Societas
870 946 925 973 ex
950 938 1038 972 tam
1059 930 1299 985 praeclaris
1322 930 1466 972 iniciis
1485 931 1637 982 ducta,
1660 938 1704 974 et
1724 937 1813 972 tam
1831 932 1890 973 al-

252 1008 307 1049 tis
330 1008 477 1050 defixa
500 1007 739 1061 radicibus,
761 1007 816 1050 sit
842 1008 931 1049 ullo
958 1021 1154 1062 unquam
1182 1016 1382 1062 tempore
1405 1007 1658 1050 interitura·
1683 1008 1890 1062 Cumque

251 1085 561 1127 recordaretur
581 1084 725 1125 uirum
746 1099 878 1126 suum
898 1084 1225 1137 marchionem,
1248 1084 1393 1138 ipsum
1414 1097 1594 1138 quoque
1617 1084 1679 1127 rei
1703 1083 1891 1128 bellicae

219 1146 503 1203 *studiosum
542 1175 825 1216 gnarumque
860 1161 903 1202 in
936 1160 1026 1202 uita
1060 1161 1212 1215 fuisse,
1245 1167 1290 1202 et
1319 1160 1582 1203 morientem
1624 1167 1889 1203 testamento

251 1237 486 1279 mandasse
510 1246 556 1279 ut
581 1239 692 1281 haec
715 1237 919 1280 aedificia
942 1245 1078 1291 atque
1101 1238 1250 1288 aedes,
1274 1252 1384 1292 quas
1408 1237 1540 1279 modo
1564 1237 1886 1290 inhabitamus,

252 1314 472 1369 religiosis
506 1314 808 1369 praesbyteris
846 1315 1140 1368 donarentur,
1177 1313 1332 1356 diuino
1368 1314 1584 1356 instinctu
1619 1315 1675 1356 ad
1705 1328 1787 1356 nos
1815 1328 1891 1357 ens

253 1391 514 1446 peruenisse
555 1391 860 1442 existimabat,
904 1399 947 1433 et
987 1405 1092 1446 prae
1126 1391 1293 1445 gaudio
1331 1391 1583 1445 lacrymans
1621 1391 1885 1434 affirmabat.

251 1468 540 1523 Quapropter
568 1469 755 1509 Patrum
788 1481 839 1509 ac
865 1469 1050 1509 fratrum
1076 1467 1354 1509 orationibus
1383 1474 1427 1510 et
1451 1467 1688 1522 colloquiis
1720 1467 1886 1520 adiuta,

253 1545 441 1586 multum
477 1544 521 1586 in
553 1545 797 1588 deuotione
827 1552 870 1588 et
906 1544 1131 1598 frequenti
1164 1559 1246 1586 usu
1281 1551 1683 1595 sacramentorum,
1715 1558 1831 1598 quae
1865 1559 1889 1586 a

251 1622 416 1663 nostris
442 1621 502 1662 illi
526 1621 852 1672 ministrantur,
881 1621 1084 1676 profecit.

340 1710 410 1754 29.
478 1700 545 1740 De
568 1697 760 1753 collegio
779 1697 1039 1753 germanico
1062 1705 1301 1740 semestres
1319 1698 1494 1740 litterae
1517 1698 1754 1752 separatim
1780 1712 1884 1741 con-

251 1774 323 1815 fici
349 1782 547 1829 possent,
585 1774 784 1816 breuiter
815 1782 963 1817 tamen
988 1774 1031 1815 in
1063 1774 1287 1829 praesenti
1309 1773 1500 1817 dicetur:
1535 1774 1742 1829 primum,
1769 1776 1889 1829 quod

251 1852 336 1892 hoc
360 1866 478 1893 anno
502 1859 681 1906 propter
705 1865 858 1894 eorum
887 1851 1221 1893 multitudinem
1245 1851 1317 1906 qui
1350 1850 1525 1893 admitti
1556 1852 1756 1904 orabant,
1791 1852 1887 1893 lon·
1935 1858 1938 1860 ’

250 1941 308 1982 ge
331 1928 566 1982 ampliores
590 1928 739 1978 aedes,
767 1942 882 1981 quae
906 1927 1144 1969 cardinalis
1174 1927 1392 1969 habitatio
1425 1935 1567 1981 erant,
1594 1928 1786 1983 collegio
1809 1943 1885 1970 no-

251 2012 342 2045 stro
364 2004 658 2059 propinquas,
687 2014 770 2057 350
794 2003 942 2046 aureis
973 2003 1167 2045 nummis
1195 2004 1450 2046 conducere
1473 2018 1660 2047 necesse
1684 2004 1783 2056 fuit3
1809 2005 1886 2046 sed

251 2081 335 2122 hae
360 2095 540 2135 quoque
566 2088 790 2135 angustae
813 2079 899 2121 iam
927 2087 1032 2122 sunt
1056 2094 1138 2135 pro
1164 2095 1350 2123 numero
1379 2080 1785 2133 contubernalium,
1812 2080 1887 2135 qui

256 2168 334 2199 110
352 2164 661 2200 numerantur.
679 2158 837 2211 Neque
853 2171 960 2200 uero
981 2156 1187 2211 germani
1205 2157 1367 2208 solum,
1383 2158 1459 2199 sed
1473 2157 1606 2199 etiam
1622 2157 1748 2212 pueri
1767 2171 1884 2199 sum-

251 2248 321 2275 ma
346 2242 618 2287 nostrorum,
644 2234 719 2288 qui
750 2233 810 2275 ibi
839 2241 960 2284 sunt,
994 2233 1244 2288 uigilantia,
1277 2233 1554 2288 integritate,
1580 2233 1814 2285 industria,
1841 2233 1885 2274 in

249 2310 408 2352 litteris
431 2318 475 2353 et
498 2311 627 2353 bonis
651 2310 851 2352 moribus
870 2310 1186 2352 instituuntur.
1210 2311 1336 2353 Haec
1356 2325 1438 2363 res,
1465 2318 1512 2352 ut
1536 2324 1655 2352 noua
1677 2317 1721 2352 et
1744 2310 1886 2352 incre—

248 2386 419 2442 dibilis,
452 2387 752 2442 spectantium
783 2386 1039 2442 opinionem
1066 2401 1116 2428 ac
1140 2387 1273 2429 fidem
1297 2387 1659 2441 quoddammodo
1683 2395 1882 2442 superat,

247 2470 291 2505 et
314 2464 512 2505 omnium
538 2464 705 2505 ciuium
745 2464 789 2505 in
823 2478 872 2506 se
895 2463 1067 2505 animos
1106 2464 1352 2517 oculosque
1381 2463 1621 2506 conuertit.
1654 2463 1745 2518 Qui
1776 2477 1884 2506 uero

247 2540 409 2582 celebri
452 2541 567 2582 fama
602 2540 793 2595 permoti
830 2555 923 2583 rem
958 2539 1181 2581 curiosius
1220 2539 1383 2582 intueri
1425 2540 1606 2591 uolunt,
1642 2540 1882 2595 collegium

246 2617 393 2672 ipsum
424 2617 644 2668 inuisunt,
667 2624 711 2658 et
738 2618 844 2658 dum
870 2616 1311 2658 adolescentulorum
1336 2615 1668 2658 multitudinem
1689 2616 1819 2658 simul
1839 2623 1883 2658 et

249 2693 527 2744 modestiam,
569 2702 612 2734 et
642 2693 954 2735 cubiculorum
985 2700 1328 2746 ceterarumque
1366 2692 1712 2747 habitationum,
1748 2699 1883 2746 atque

248 2769 484 2813 uniuersae
508 2770 798 2825 supellectilis
824 2769 1111 2821 mundiciem,
1143 2776 1187 2811 et
1217 2768 1511 2810 institutionis
1542 2769 1780 2823 uictusque
1814 2783 1881 2810 ra-

250 2845 414 2888 tionem
447 2846 663 2888 attentius
693 2845 993 2896 considerant,
1024 2846 1202 2886 tandem
1237 2844 1431 2887 subitam
1462 2845 1801 2887 admirationem
1837 2852 1882 2888 et

248 2929 476 2976 stuporem
511 2922 836 2965 exclamatione
875 2928 1112 2964 testantur.
1146 2920 1236 2963 Alii
1266 2929 1309 2963 et
1343 2921 1522 2975 quidem
1553 2936 1717 2976 graues
1740 2935 1791 2964 ac
1814 2935 1880 2963 sa-

249 2996 421 3051 pientes
447 2996 528 3038 uiri
558 2998 617 3039 ita
651 2998 867 3048 sentiunt,
903 3004 949 3038 ut
981 2997 1132 3038 dicant
1162 2997 1249 3037 hoc
1280 2997 1511 3051 negotium
1540 3005 1584 3040 et
1606 2996 1877 3052 prouintiam
