1971 3276
314 225 384 260 420
823 216 1008 250 POLANCI
1036 224 1352 250 COMPLEMENTA

264 317 452 360 filosofia
480 331 506 358 0
532 316 738 367 retorica3
771 323 816 357 et
844 316 1092 357 altrettanti
1128 331 1321 359 saranno
1354 317 1383 359 li
1417 318 1630 369 mandati;
1663 319 1898 373 percioche

264 394 405 450 prima
429 407 506 448 per
529 395 702 435 Franza
727 392 841 447 parti
867 392 910 433 di
936 392 1011 447 qui
1035 392 1063 434 il
1090 394 1140 435 P.
1169 393 1357 437 Vliuieri
1382 396 1596 438 Manareo
1620 394 1633 414 ²
1652 410 1737 438 con
1757 407 1782 449 7
1800 397 1898 438 altri

264 471 501 524 sacerdoti,
529 476 655 524 parte
684 469 842 520 inanti,
875 476 920 511 et
949 476 1074 524 parte
1104 470 1272 525 doppoi
1302 470 1345 512 di
1374 471 1452 524 lui,
1485 471 1675 526 de'quali
1704 484 1732 525 4
1763 487 1900 515 erano

265 547 447 602 teologi,
475 559 498 589 2
523 547 700 597 filosofi,
725 553 768 587 et
795 559 883 587 uno
913 546 1050 587 molto
1083 554 1264 589 uersato
1286 547 1330 588 in
1354 547 1445 589 casi
1468 547 1512 590 di
1535 548 1785 600 coscienza,
1812 550 1899 591 che

263 624 337 679 gia
360 639 435 667 era
458 631 576 665 stato
604 624 820 677 deputato
852 635 929 676 per
959 622 1144 677 leggere
1174 624 1213 665 la
1241 623 1464 678 scriptura
1494 625 1825 679 publicamente
1854 627 1897 668 in

263 708 422 755 questo
446 700 638 755 collegio
661 699 704 741 di
729 701 887 741 Roma.
914 699 970 740 Et
994 688 1046 740 di
1063 698 1139 754 pisi
1162 712 1204 753 4,
1232 715 1258 742 o
1282 712 1304 754 5
1329 701 1428 742 altri
1452 716 1530 756 per
1553 697 1712 757 legger
1737 703 1895 744 huma-

263 777 356 820 0113
377 785 422 819 et
446 777 655 819 retorica.
1119 784 1123 786 ’

351 855 390 896 6.
458 854 536 896 Poi
568 869 646 908 per
676 854 931 909 Alemagna
962 855 1158 910 partirno
1193 866 1217 908 7
1249 856 1412 897 dottori
1446 855 1490 897 di
1524 855 1733 911 teologia,
1760 856 1898 899 creati

263 931 338 986 qui
359 931 402 973 in
429 933 584 981 Roma,
612 945 698 972 con
726 944 749 984 3
773 931 872 973 altri
896 931 1118 974 sacerdoti
1142 939 1186 975 et
1211 945 1235 985 3
1260 932 1437 975 fratelli:
1467 932 1570 974 tutti
1595 933 1669 974 tali
1692 934 1776 976 che
1798 948 1897 988 spe-

263 1008 399 1051 riamo
424 1008 591 1051 resteril
616 1009 755 1049 molto
777 1008 947 1050 seruito
973 1009 1058 1051 Dio
1090 1010 1146 1052 N.
1174 1009 1221 1052 S.
1250 1024 1328 1064 per
1358 1010 1455 1051 loro
1482 1009 1524 1052 in
1554 1010 1701 1064 quelle
1724 1010 1838 1065 parti
1863 1010 1894 1053 ³.

264 1085 407 1127 L'uno
439 1087 545 1140 pero
574 1084 814 1127 de’dottori
849 1085 1036 1140 teologi‚
1073 1086 1269 1128 arriuato
1303 1087 1389 1129 che
1424 1086 1469 1128 fu
1503 1086 1547 1128 in
1584 1086 1783 1141 Padoua,
1818 1102 1897 1142 per

261 1161 576 1203 commissione
598 1161 642 1203 di
666 1169 823 1203 nostro
851 1163 994 1205 Padre
1014 1163 1226 1217 generale
1244 1163 1407 1206 s'inuio
1427 1177 1560 1206 uerso
1587 1164 1790 1205 Pollonia
1813 1164 1895 1205 co’l

265 1238 426 1280 noncio
450 1239 661 1280 mandato
687 1240 742 1280 da
771 1240 816 1282 S.
845 1239 941 1282 Sta.
970 1254 994 1281 a
1018 1240 1121 1293 quel
1152 1253 1294 1294 regno
1318 1239 1349 1291 4;
1387 1240 1415 1281 il
1449 1241 1580 1293 quale
1613 1241 1805 1287 haueua
1825 1241 1895 1282 nel

260 1314 449 1357 concilio
475 1316 581 1357 fatta
606 1315 778 1369 grande
811 1315 1016 1357 instanza
1051 1330 1205 1370 presso
1237 1316 1279 1357 di
1315 1327 1469 1359 nostro
1505 1318 1649 1359 Padre
1681 1317 1896 1360 d'hauere

259 1406 363 1434 seco
388 1406 478 1433 uno
501 1392 616 1434 della
641 1392 942 1447 Compagnia.
971 1392 1136 1447 Questi
1159 1409 1184 1436 e
1207 1393 1357 1447 quelli,
1385 1393 1536 1436 auanti
1560 1394 1601 1435 13
1626 1394 1691 1435 lor
1714 1393 1891 1448 partita,

258 1469 459 1511 andorno
483 1484 506 1511 a
531 1468 706 1510 basciar
731 1468 757 1509 il
782 1468 911 1523 piede
935 1485 959 1511 3
982 1470 1032 1513 S.
1058 1470 1154 1513 Sta.
1181 1471 1264 1511 che
1288 1472 1459 1512 mostro
1476 1484 1560 1512 con
1585 1471 1720 1512 molte
1743 1471 1894 1525 parole

258 1553 434 1600 portare
458 1545 630 1600 grande
653 1545 884 1587 affettione
908 1547 992 1587 3113
1017 1547 1302 1601 Compagnia
1326 1555 1493 1601 nostra,
1519 1548 1815 1590 essortandoli
1837 1548 1893 1590 ad

257 1622 434 1674 agiutar
458 1622 500 1663 di
525 1636 627 1663 core
652 1622 787 1675 quelli
812 1622 974 1677 popoli‚
1001 1632 1045 1665 et
1068 1623 1247 1665 dandoli
1272 1625 1409 1665 molte
1432 1624 1729 1667 benedittioni
1751 1632 1795 1666 et
1818 1624 1889 1665 in·

257 1699 482 1754 dulgenze
506 1699 589 1740 alle
614 1700 678 1740 lor
702 1713 884 1749 corone,
905 1706 949 1741 et
973 1700 1236 1744 offerendoli
1266 1714 1379 1742 anco
1403 1701 1431 1741 il
1454 1700 1622 1743 uiatico
1653 1708 1697 1742 et
1726 1709 1893 1755 cetera,

257 1777 340 1817 che
364 1777 471 1830 pero
495 1775 712 1817 da’nostri
737 1791 827 1817 non
856 1777 900 1817 fu
924 1784 1161 1820 accettato.

347 1863 387 1905 7.
455 1852 494 1893 A
520 1852 681 1906 Napoli
698 1867 862 1894 ancora
890 1853 934 1894 fu
961 1854 1172 1895 mandato
1192 1868 1250 1895 un
1279 1855 1426 1896 Padre
1444 1855 1627 1908 teologo
1651 1868 1729 1909 per
1748 1855 1893 1910 predi-

256 1929 395 1981 carui3
423 1930 614 1971 un'altro
638 1930 835 1984 teologo,
864 1943 953 1971 000
985 1932 1153 1972 anchor
1179 1932 1291 1972 fatto
1323 1931 1572 1985 sacerdote,
1608 1945 1685 1986 per
1715 1931 1891 1973 comin-

255 2004 395 2047 ciarui
419 2005 447 2046 il
465 2020 594 2047 corso
617 2006 731 2047 delle
751 2005 849 2057 arti3
872 2017 915 2047 et
940 2005 967 2046 il
993 2013 1117 2048 terzo
1141 2020 1218 2061 per
1238 2007 1277 2048 13
1301 2007 1528 2058 rettorica3
1550 2007 1724 2049 benche
1746 2007 1893 2061 questi

257 2096 371 2137 poco
394 2083 557 2138 doppoi
584 2083 762 2124 l'arriuo
792 2083 902 2135 loro,
932 2083 1188 2125 essendossi
1223 2084 1445 2126 ambedue
1480 2084 1735 2136 ammallati‚
1772 2086 1893 2126 l’uno

256 2174 390 2202 senza
414 2174 630 2215 speranza
653 2161 697 2202 di
723 2160 894 2202 sanarsi
918 2159 1011 2202 cosi
1040 2169 1206 2214 presto,
1229 2162 1372 2202 l'altro
1392 2176 1470 2216 per
1492 2162 1742 2204 andarsene
1765 2176 1789 2203 3
1814 2162 1891 2202 rni-

256 2236 371 2291 glior
395 2237 502 2286 uita,
527 2237 570 2277 fu
596 2236 790 2291 bisogno
814 2238 1120 2280 mandaruene
1151 2237 1249 2278 altri
1280 2239 1382 2279 due.
1418 2238 1621 2280 Vn’altro
1645 2252 1810 2280 ancora
1834 2238 1892 2281 ἑὲ

255 2313 469 2354 mandato
492 2327 516 2354 3
540 2313 736 2356 Messina
761 2313 803 2354 in
829 2312 996 2363 Sicilia,
1025 2328 1106 2368 pur
1130 2328 1209 2368 per
1238 2314 1528 2356 cominciarui
1559 2313 1587 2355 il
1622 2328 1750 2356 corso
1775 2315 1890 2358 delle

258 2389 357 2432 arti.

345 2465 383 2507 8.
448 2465 584 2507 Ando
607 2465 651 2506 di
682 2465 756 2520 ρ10
788 2473 947 2519 questo
980 2480 1101 2508 mese
1131 2466 1355 2520 d’Agosto
1385 2467 1413 2507 il
1448 2469 1496 2508 P.
1525 2468 1604 2509 Dr.
1632 2466 1890 2520 Rodriguez

256 2555 333 2595 per
356 2541 678 2596 commissario,
706 2550 750 2583 et
774 2556 859 2583 con
884 2542 942 2583 lui
969 2542 1158 2583 un’altro
1181 2543 1413 2585 sacerdote
1433 2543 1727 2598 predicatore,
1756 2558 1780 2584 a
1799 2557 1889 2585 una

255 2625 375 2659 certa
407 2624 523 2659 terra
553 2618 699 2660 uicina
730 2634 754 2660 3
784 2619 822 2660 la
855 2618 1032 2673 Puglia,
1071 2619 1281 2660 mandato
1311 2620 1382 2660 dal
1412 2633 1584 2661 sommo
1622 2618 1888 2673 inquisitore

325 2779 336 2797 2
388 2779 447 2813 Cf.
477 2790 586 2824 opus,
616 2779 678 2813 cui
707 2779 844 2813 titulus
871 2778 1066 2814 OLIVERH
1095 2778 1303 2821 MANAREJ,
1335 2779 1390 2812 De
1421 2779 1533 2812 rebus
1563 2778 1770 2813 Societatis
1789 2778 1887 2824 Jesu

258 2836 590 2879 Commentarius,
612 2850 647 2883 p.
669 2838 727 2874 80.

388 2895 447 2932 Cf,
472 2896 598 2940 Epist.
623 2899 669 2932 P.
691 2896 839 2935 Nadal‚
862 2895 912 2938 Π,
928 2895 1098 2939 398-401,

323 2954 336 2972 4
387 2953 428 2989 Ρ.
457 2955 655 2989 Balthasar
684 2956 937 2997 Hostovinus,
967 2955 1031 3000 qui
1060 2955 1249 2999 Joannem
1278 2955 1523 2988 Franciscum
1552 2953 1886 2988 Commendonum

252 3012 456 3046 comitatus
476 3017 547 3047 est.
566 3014 922 3055 BRAUNSBERGER,
943 3025 1004 3058 op.
1025 3014 1106 3057 cit„
1129 3013 1196 3055 IV,
1217 3012 1298 3057 355.
