1971 3276
267 181 322 207 xx
777 172 967 206 PoLANm
993 180 1313 206 COMPLEMENTA

222 286 310 322 muy
348 273 545 312 inclinado
574 287 597 325 y
627 274 848 312 domestico
874 286 898 312 3
925 276 1034 312 estas
1061 285 1260 324 personas
1288 286 1363 324 que
1385 285 1501 312 como
1524 285 1573 312 os
1597 273 1707 312 dezia
1727 274 1856 311 tienen

218 347 381 384 nombre
409 346 456 384 de
484 346 720 396 piagnones;
748 356 898 396 porque
929 357 979 396 ya
1006 357 1148 396 pareze
1178 357 1252 396 que
1281 345 1314 383 el
1337 357 1388 383 no
1417 348 1527 383 tener
1553 357 1600 383 en
1629 349 1717 383 esto
1739 345 1853 382 mira-

219 419 362 456 miento
384 416 488 455 dano
511 429 534 455 a
556 415 734 455 Polanco
756 429 854 467 para
877 429 952 455 con
981 417 1014 455 el
1038 418 1183 474 nuque,
1206 417 1240 455 el
1268 417 1370 467 qual,
1394 417 1627 455 mostrando
1655 420 1767 455 tener
1788 427 1853 453 sa-

215 487 415 526 tisfaction
437 489 484 526 de
505 499 553 526 su
574 489 705 526 buena
725 489 927 533 intention,
952 487 986 526 16
1008 491 1159 527 notaua
1179 489 1226 526 de
1249 489 1488 538 semeiantes
1508 488 1725 526 amistades
1747 484 1855 537 (por-

217 572 292 609 que
313 560 465 605 deueys
488 559 608 597 saber
628 571 702 608 que
723 570 774 596 no
795 560 937 608 ignora
966 559 1070 597 nada
1091 559 1126 597 el
1156 560 1286 609 duque
1314 571 1362 597 en
1391 571 1463 597 esa
1489 558 1634 607 tierra).
1664 557 1856 596 Tambien

218 630 447 668 Alexandro
470 628 612 675 Strozi,
635 641 711 680 que
732 641 776 667 es
798 641 976 680 persona
999 630 1046 668 de
1067 630 1312 675 auctoridad,
1335 642 1413 668 aun
1435 642 1534 678 para
1556 641 1632 668 eon
1659 628 1693 667 el
1715 629 1856 679 duque,

219 702 329 740 dezia
350 700 386 739 al
408 712 560 739 mesmo
584 698 762 738 Polanco
786 712 860 750 que
887 700 925 738 lo
954 704 1044 739 avia
1067 702 1210 739 errado
1237 713 1287 739 en
1315 700 1513 751 allegarse
1540 703 1649 739 tanto
1678 712 1701 738 a
1729 712 1856 738 seme-

217 775 343 823 jantes
366 784 578 822 personas,
600 783 753 822 porque
776 784 821 810 se
843 772 1034 822 despiden
1057 775 1168 810 otras
1192 784 1240 810 en
1262 773 1426 822 quienes
1450 784 1494 810 se
1515 772 1627 810 haria
1649 775 1735 810 mas
1756 770 1856 809 fruc-

216 848 269 890 to,
292 856 315 891 y
336 846 422 881 mas
445 842 662 893 agradable
683 842 718 880 al
741 844 929 893 principe;
948 843 1165 881 diziendole
1189 843 1304 881 debia
1326 855 1392 881 ser
1413 845 1555 881 comun
1574 844 1689 893 quien
1711 843 1855 893 quisie-

216 928 258 953 re
281 916 409 954 seruir
429 927 452 953 a
474 914 577 954 Dios
599 928 647 954 en
669 925 742 953 esa
763 914 917 959 ciudad,
943 914 1222 965 ayudandolas
1245 926 1292 952 en
1315 926 1386 952 sus
1409 915 1607 953 animas».

309 1025 432 1080 Quid
456 1026 594 1081 igitur
618 1033 739 1068 vetat
762 1026 1004 1080 quominus
1021 1025 1279 1080 judicemus
1301 1027 1388 1067 hoc
1411 1039 1511 1068 esse
1529 1031 1727 1067 erratum
1747 1023 1857 1066 illud

220 1103 464 1157 (‘‹qualche
487 1104 680 1157 errore»)
705 1102 826 1158 quod
850 1103 1121 1157 querebatur
1146 1102 1255 1156 dux,
1287 1110 1482 1144 erratum
1507 1101 1679 1145 scilicet
1707 1101 1855 1156 politi-

219 1194 338 1231 cum,
366 1180 488 1234 quod
512 1179 595 1222 sibi
622 1179 803 1222 Polanci
828 1179 1104 1222 familiaritas
1128 1193 1229 1221 cum
1250 1179 1433 1221 asseclis
1453 1178 1663 1221 factionis
1681 1185 1858 1220 contra-

221 1257 310 1299 riae
334 1272 423 1299 non
448 1256 690 1312 placuerit?

310 1334 466 1388 Itaque
490 1347 546 1375 ne
564 1334 675 1375 haec
695 1332 875 1387 quidem
895 1331 1078 1374 minima
1097 1331 1269 1385 gloriae
1289 1331 1577 1386 derogabunt
1604 1330 1749 1373 Patris
1774 1332 1858 1372 Po-

221 1410 352 1465 lanci,
381 1409 456 1464 qui
480 1409 546 1451 vir
569 1409 890 1464 agnoscendus
913 1408 1105 1463 insignis
1133 1408 1327 1463 virtutis,
1361 1407 1532 1463 ingenii
1562 1407 1857 1462 praestantis-

221 1487 335 1541 simi,
363 1487 417 1528 de
441 1486 645 1529 Ecclesia
662 1494 706 1528 et
730 1485 958 1529 Societate
977 1485 1092 1528 inter
1111 1485 1277 1540 primos
1296 1485 1496 1536 meritus,
1521 1484 1698 1539 Ignatio
1722 1498 1855 1538 quam

219 1563 486 1615 simillimus,
513 1570 556 1605 et
580 1563 623 1604 in
648 1562 910 1617 cognitione
932 1561 1240 1604 institutorum
1265 1569 1521 1603 nostrorum
1553 1575 1643 1603 non
1669 1560 1752 1603 nisi
1780 1560 1854 1602 uni

221 1646 298 1681 aut
321 1638 448 1681 alteri
471 1638 816 1694 postponendus
841 1637 891 1680 ⁶⁸.

314 1716 465 1758 Placet
488 1716 683 1770 denique
706 1717 822 1757 hanc
853 1715 1234 1770 qualemcumque
1263 1713 1524 1769 imaginem,
1555 1711 1856 1768 descriptione

219 1794 444 1848 complere
467 1807 599 1847 quam
626 1792 755 1834 nobis
781 1793 831 1834 P.
854 1792 1052 1847 Jacobus
1078 1793 1247 1833 Bassus
1277 1790 1472 1845 reliquit,
1501 1789 1685 1831 Polanci
1709 1789 1752 1830 in
1784 1788 1854 1830 vi-

218 1871 430 1912 sitatione
477 1869 617 1912 sicula
656 1869 807 1910 socius
839 1868 988 1921 (infra,
1022 1868 1152 1922 epist.
1189 1868 1244 1909 26
1273 1868 1398 1922 Aug.
1437 1868 1579 1922 1607);
1612 1880 1746 1920 quam
1777 1865 1855 1909 de-

223 1947 513 2002 scriptionem
537 1946 760 2000 integram
788 1944 954 1986 vidisse
979 1959 1070 1986 non
1096 1943 1366 1998 poenitebit:

300 2077 361 2104 «...
385 2065 408 2103 ll
431 2065 551 2103 molto
574 2063 617 2110 R.
642 2062 683 2102 P.
703 2062 902 2102 Giouanni
921 2061 1100 2101 Polanco
1125 2066 1144 2101 e
1168 2066 1273 2102 stato
1295 2061 1513 2101 un⁷huomo
1533 2066 1676 2101 ornato
1699 2062 1734 2101 di
1756 2073 1854 2111 gran

221 2138 313 2175 doni
336 2136 514 2181 naturali,
539 2136 573 2173 di
596 2136 699 2174 bella
720 2147 928 2185 presenza,
951 2133 1237 2180 affabilissimQ
1261 2145 1397 2184 graue,
1420 2133 1541 2171 molto
1563 2136 1778 2183 composto
1803 2133 1857 2169 in·

219 2209 471 2246 teriormente
493 2211 529 2245 et
550 2208 863 2251 estedormente,
887 2206 1071 2243 ordinato
1094 2207 1129 2243 in
1151 2208 1245 2244 tutte
1267 2205 1301 2243 le
1323 2216 1421 2243 cose
1443 2208 1480 2242 et
1501 2205 1636 2243 attioni
1665 2215 1748 2249 sue;
1770 2206 1855 2241 tan-

218 2284 258 2318 to
281 2283 452 2324 cortese,
475 2278 545 2317 che
566 2290 668 2317 anco
692 2278 883 2328 parlando
907 2289 982 2315 con
1005 2277 1090 2315 altri
1114 2289 1137 2315 a
1159 2277 1209 2314 lui
1228 2277 1347 2314 molto
1365 2274 1550 2321 inferiori,
1569 2278 1605 2313 et
1621 2275 1747 2314 anche
1765 2274 1857 2312 sub-

218 2352 294 2396 diti,
318 2363 430 2388 corne
451 2350 610 2400 quando
634 2349 670 2387 iu
694 2351 843 2388 vicario
867 2348 968 2387 della
992 2347 1256 2398 Compagnia,
1279 2348 1356 2385 mai
1385 2348 1418 2385 si
1447 2346 1589 2385 uoleua
1618 2347 1785 2396 coprire,
1815 2356 1859 2383 se

218 2422 331 2460 altrui
355 2433 433 2459 non
455 2423 488 2459 si
511 2422 687 2471 copriua;
709 2420 770 2458 bel
793 2420 1005 2471 parlatore,
1025 2432 1048 2458 a
1070 2419 1130 2457 chi
1152 2419 1281 2457 alcuni
1300 2418 1459 2456 dauano
1477 2416 1676 2468 l⁷epitheto
1695 2417 1731 2454 di
1753 2415 1857 2454 Mer-

222 2495 345 2538 curio;
367 2497 403 2530 et
424 2492 611 2530 allettaua
632 2491 898 2541 gl'ascoltanti
921 2491 1022 2529 nelle
1046 2493 1359 2537 conuersationi‚
1381 2490 1565 2528 hauendo
1587 2490 1699 2527 uaria
1720 2489 1858 2538 cogni-

222 2565 338 2608 tione,
362 2569 397 2600 et
419 2564 452 2600 si
472 2565 549 2612 puo
573 2563 631 2600 dir
652 2561 786 2612 d’ogni
809 2574 920 2607 cosa;
942 2565 979 2600 et
1001 2564 1168 2600 nouerat
1189 2563 1357 2600 miscere
1374 2560 1464 2599 utile
1485 2559 1597 2605 dulci;
1616 2560 1677 2597 cui
1697 2559 1857 2608 raggio-

219 2635 391 2672 namenti
413 2645 536 2670 erano
559 2645 715 2682 sempre
738 2633 943 2683 spirituali,
967 2633 1003 2670 di
1027 2633 1147 2670 modo
1171 2631 1242 2670 che
1264 2633 1357 2681 ogni
1386 2643 1465 2669 uno
1496 2630 1568 2668 che
1595 2629 1632 2667 lo
1661 2640 1855 2667 conosce-

222 2717 286 2750 ua,
309 2708 563 2754 quantunque
585 2704 694 2742 dotto
717 2707 754 2742 et
775 2705 966 2749 istimato,
989 2702 1211 2741 facilmente
1237 2706 1272 2740 et
1300 2703 1336 2740 di
1363 2703 1496 2740 buona
1518 2699 1652 2750 uoglia
1679 2699 1857 2737 lasciaua

221 2787 246 2812 a
266 2774 317 2812 lui
338 2778 470 2813 tesser
489 2775 527 2813 la
547 2774 624 2813 tela
646 2775 706 2813 del
730 2776 1071 2824 raggionamento‚
1096 2786 1218 2812 senza
1245 2771 1584 2822 interromperlo...
1614 2769 1692 2808 Era
1720 2781 1856 2808 osser-

273 2925 302 2944 ⁰⁸
354 2926 424 2959 Vel
445 2925 517 2970 ipsi
538 2925 667 2959 Natali
688 2925 895 2960 Polancum
912 2925 981 2959 hac
1001 2924 1039 2958 in
1056 2935 1094 2958 re
1111 2922 1278 2969 praefert
1294 2922 1554 2965 SACCHINUS‚
1572 2919 1858 2955 scientissimus

217 2983 352 3029 judeX,
375 2996 411 3029 p.
432 2983 498 3029 IV,
521 2984 544 3018 1.
569 2983 677 3029 VIII,
696 2996 733 3021 n.
757 2993 811 3028 25,
835 2983 982 3018 Natalis
1003 2982 1185 3017 videlicet
1205 2981 1337 3016 laudes
1356 2986 1509 3015 texens.
