1971 3276
531 205 667 239 EPIST.
696 203 848 246 72.—31
880 205 1128 238 DECEMssms
1159 205 1242 248 1561
1605 202 1670 237 301

91 312 162 345 tur
186 310 232 344 ut
262 302 418 345 nostri.
454 303 574 344 Idem
606 303 776 344 faciunt
804 303 1084 358 superiorum
1111 302 1319 344 classium
1351 303 1539 345 studiosi
1570 302 1642 357 qui
1674 309 1721 344 ut

88 379 213 421 multi
239 386 358 430 sunt,
393 378 454 420 sic
481 393 751 434 magnopere
786 379 831 421 in
856 379 1059 421 doctrina
1083 379 1335 433 proficiunt.
1370 380 1424 420 Et
1448 378 1654 432 quamuis
1677 378 1721 418 in

93 457 178 498 hoc
203 455 364 498 artium
388 455 537 496 studio
560 469 649 497 non
674 470 831 499 omnes
855 462 1119 510 perpetuum
1150 469 1332 497 cursum
1358 463 1509 497 tenere
1532 455 1719 504 soleant,

93 541 400 574 uerumtamen
425 531 730 574 constantium
764 546 813 574 ac
844 531 1226 587 perseuerantium
1258 545 1486 583 numerus,
1516 544 1619 572 cum
1645 544 1722 571 no-

91 609 194 650 stris
219 616 262 651 et
286 608 534 663 germanici
559 608 737 664 collegii
762 609 1062 651 contubernio
1080 617 1147 650 est
1172 609 1303 663 paulo
1326 608 1469 650 minor
1490 621 1587 662 300.
1609 608 1722 649 Cae-

92 694 250 736 terum,
278 685 352 739 qui
376 685 609 740 spectandi
632 699 768 727 causa
792 685 995 737 ueniunt,
1020 686 1090 727 uel
1110 685 1321 728 audiendi
1346 685 1536 739 aliquam
1564 683 1720 725 lectio-

90 775 208 812 nem,
241 769 346 803 sunt
376 776 484 804 sane
514 776 603 803 non
628 761 774 816 pauci,
801 772 1054 804 nostrorum
1074 762 1376 817 professorum
1401 763 1517 803 fama
1542 759 1724 804 excitati

91 846 135 881 et
167 838 346 894 collegii
379 837 592 893 opinione
623 838 833 893 permoti3
867 853 981 892 quae
1011 846 1133 881 tanta
1162 846 1245 890 est,
1273 845 1321 880 ut
1344 838 1522 880 nomine
1546 836 1723 892 collegii

91 922 167 957 aut
198 914 420 970 gymnasii
451 929 539 956 non
571 914 691 956 aliud
724 916 815 958 fere
848 929 980 969 quam
1011 922 1213 957 nostrum
1243 915 1544 970 intelligatur.
1587 915 1723 968 'Quod

91 998 239 1034 autem
270 992 324 1032 ad
362 991 596 1034 inferiores
633 990 825 1045 pertinet
851 992 1040 1044 scholas,
1072 991 1296 1046 professor
1334 991 1596 1045 rhetorices,
1637 1005 1723 1044 qua

93 1069 281 1123 primum
306 1067 378 1111 die
401 1075 595 1122 apertae
619 1075 723 1110 sunt
741 1068 963 1123 gymnasii
989 1069 1120 1119 fores,
1147 1068 1396 1112 orationem
1420 1068 1576 1109 habuit
1599 1068 1721 1109 lucu-

91 1146 275 1195 lentam,
298 1159 389 1186 non
410 1144 507 1186 sine
526 1158 692 1199 magna
711 1144 960 1188 attentione
983 1152 1116 1199 atque
1139 1144 1432 1188 admiratione
1450 1144 1720 1196 auditorum,

92 1221 167 1276 qui
190 1236 244 1264 ex
269 1221 480 1263 omnibus
505 1221 813 1276 superioribus
836 1221 1054 1263 classibus
1078 1229 1406 1273 conuenerunt;
1433 1236 1579 1275 neque
1602 1220 1663 1262 illi
1681 1220 1723 1261 in

91 1298 359 1342 lectionibus
384 1297 525 1340 defuit
549 1298 871 1353 discipulorum
904 1298 1172 1353 frequentia,
1200 1305 1249 1340 ut
1272 1313 1420 1353 neque
1442 1299 1636 1340 duorum
1660 1297 1722 1338 in-

94 1375 304 1418 feriorum
328 1374 683 1430 gymnasiorum,
710 1374 930 1429 politioris
953 1375 1134 1429 inquam
1154 1375 1444 1425 litteraturae,
1466 1374 1723 1429 grammati-

91 1465 260 1505 caeque
283 1450 562 1502 doctoribus,
584 1465 773 1505 quorum
800 1458 989 1505 uterque
1007 1451 1197 1506 amplius
1219 1458 1471 1506 octogenos
1494 1451 1721 1493 auditores

94 1528 244 1571 habet.
281 1528 336 1569 Et
359 1527 396 1569 si
419 1541 522 1569 cum
552 1528 710 1569 harum
740 1527 874 1569 trium
904 1528 1114 1569 classium
1145 1527 1424 1569 auditoribus
1454 1527 1722 1582 reliquarum

91 1611 306 1658 quattuor
330 1603 589 1645 infimarum
614 1603 822 1658 discipuli
845 1603 1201 1658 coniunguntur,
1233 1604 1428 1647 efficient
1451 1604 1725 1658 quingentos

93 1680 293 1735 triginta,
321 1679 396 1734 qui
421 1694 579 1722 omnes
604 1686 654 1721 ut
682 1679 962 1735 superiorum
987 1679 1321 1735 disciplinarum
1346 1680 1551 1736 studiosi,
1578 1694 1722 1735 quan·
1765 1689 1768 1693 '

97 1764 163 1798 tos
188 1756 353 1799 faciant
377 1763 422 1799 et
447 1756 607 1799 facturi
632 1756 874 1799 credantur
893 1756 936 1797 in
960 1756 1092 1798 bonis
1116 1756 1317 1798 moribus
1335 1764 1379 1799 et
1402 1758 1604 1799 doctrina
1628 1772 1724 1812 pro-

92 1846 293 1887 gressus,
322 1839 512 1876 testatur
535 1833 646 1874 bona
673 1832 913 1876 Societatis
939 1834 1069 1884 fama,
1098 1847 1213 1886 quae
1234 1834 1368 1889 longe
1389 1834 1566 1889 lateque
1589 1835 1726 1876 disse-

95 1908 304 1961 minatur3
330 1916 375 1950 vt
401 1923 489 1950 non
513 1909 657 1950 solum
682 1909 852 1951 romani
871 1909 997 1964 pueri
1019 1909 1200 1951 scholas
1223 1918 1398 1952 nostras
1422 1912 1723 1965 frequentent,

90 1993 136 2028 et
155 1985 230 2039 qui
249 1985 430 2041 longius
447 1986 628 2037 absunt,
650 2001 707 2029 ne
730 1987 880 2029 eundo
898 1994 942 2030 et
962 1987 1191 2029 redeundo
1212 1994 1389 2042 tempus
1409 1994 1570 2038 terant,
1598 2002 1727 2042 pran-

92 2061 259 2104 diolum
283 2076 436 2104 secum
456 2075 584 2104 mane
602 2061 822 2114 deferant,
843 2063 921 2105 sed
941 2076 995 2105 ex
1014 2063 1213 2105 finitimis
1231 2063 1359 2118 pagis
1378 2078 1428 2106 ac
1451 2064 1624 2119 oppidis
1646 2065 1726 2107 La-

94 2137 142 2179 tii
171 2152 257 2180 non
292 2138 420 2192 pauci
451 2139 507 2181 ad
530 2152 612 2179 nos
641 2138 928 2180 adducuntur
958 2155 979 2181 a
1014 2140 1275 2194 parentibus
1298 2140 1371 2182 uel
1401 2140 1623 2195 cognatis,
1652 2141 1726 2194 qui

95 2215 233 2256 multa
255 2214 443 2270 praefari
468 2214 612 2257 solent
641 2213 685 2255 in
710 2214 844 2256 huius
869 2215 1045 2271 collegii
1070 2216 1266 2268 laudem,
1293 2223 1337 2258 et
1367 2231 1502 2270 saepe
1527 2216 1724 2258 cardina-

95 2290 201 2333 lium
231 2291 510 2346 aliorumque
548 2291 814 2345 optimatum
853 2291 1139 2335 autoritatem
1175 2292 1405 2344 adhibere,
1443 2300 1490 2334 ut
1528 2293 1724 2347 ipsorum

97 2367 223 2411 nobis
247 2366 372 2422 pueri
400 2366 699 2409 commendati
723 2367 828 2419 sint,
855 2374 899 2411 et
922 2368 1170 2411 litterarum
1194 2376 1237 2410 et
1257 2368 1475 2410 uirtutum
1493 2369 1631 2424 digna
1652 2383 1708 2411 uo

95 2443 150 2485 tis
173 2445 368 2487 referant
392 2457 525 2497 opere
549 2443 705 2498 pretia,
726 2444 848 2498 quod
872 2443 916 2485 in
939 2444 1035 2486 aliis
1058 2445 1224 2486 scholis
1249 2445 1339 2487 fere
1358 2459 1448 2486 non
1470 2445 1532 2488 fit.
1562 2446 1723 2487 Faten-

95 2525 167 2561 tur
190 2519 307 2562 enim
331 2534 378 2562 se
401 2534 424 2560 a
447 2519 580 2562 certis
610 2519 730 2561 uitiis
755 2527 1044 2574 temperasse,
1072 2528 1307 2575 postquam
1339 2528 1536 2563 nostram
1561 2523 1718 2564 acade-

97 2595 226 2638 miam
249 2596 530 2650 frequentare
548 2603 809 2650 coeperunt,
830 2604 873 2638 et
897 2596 1129 2638 christiani
1153 2596 1346 2639 hominis
1365 2597 1579 2650 officium,
1606 2600 1726 2652 quod

97 2670 216 2725 prius
234 2672 519 2726 ignorabant,
541 2670 809 2722 didicerunt,
833 2672 952 2726 quod
972 2680 1126 2726 postea
1144 2687 1250 2714 suos
1270 2680 1475 2727 parentes
1498 2680 1725 2728 notosque

95 2747 284 2791 edocere
316 2753 555 2799 conantur,
587 2748 691 2788 dum
722 2747 785 2790 eis
826 2754 999 2802 praeter
1029 2755 1177 2791 cetera
1208 2749 1482 2791 documenta
1520 2750 1725 2793 christia-

97 2837 198 2864 nam
222 2823 468 2865 doctrinam
492 2823 749 2866 memoriter
772 2824 989 2874 referunt,
1012 2838 1126 2878 quae
1145 2824 1303 2866 diebus
1323 2826 1502 2868 ueneris
1521 2841 1599 2882 pro
1618 2842 1726 2882 pue-

97 2912 245 2940 rorum
270 2899 462 2953 ingeniis
484 2899 746 2954 explicatur.
775 2899 867 2953 Qui
892 2899 1014 2941 festis
1037 2914 1216 2954 quoque
1234 2901 1409 2957 diebus,
1437 2917 1493 2944 ne
1517 2904 1573 2945 ad
1597 2905 1723 2946 lusus

98 2980 143 3015 et
165 2974 427 3029 pernitiosas
447 2975 796 3018 consuetudines
816 2982 1079 3031 auocentur,
1108 2991 1196 3020 neu
1224 2977 1360 3021 ociosi
1386 2993 1461 3033 per
1487 2981 1641 3022 urbem
1665 2981 1728 3022 di-
