1971 3276
523 208 659 243 E121ST.
693 216 867 252 115.-19
895 209 1143 243 DECEMBRIS
1175 208 1259 251 ¹564
1589 216 1655 251 527

69 314 113 348 et
136 307 390 362 Gasperum
410 307 693 362 Haywodum
715 307 728 327 ⁸
748 309 803 349 ad
828 323 897 350 me
922 308 1071 352 literas
1094 322 1198 350 suas
1222 322 1406 351 exarare
1425 308 1637 358 solentes,
1658 307 1703 347 in

67 383 356 426 Germaniam
388 383 473 426 iam
505 384 665 425 missos
688 385 743 425 ad
781 384 860 426 Dei
895 385 1071 427 laudem
1107 392 1152 426 et
1181 384 1430 426 animarum
1456 383 1705 438 ignorantis

70 459 221 514 populi
245 460 453 502 salutem.

158 548 198 578 2.
266 537 502 579 Venerunt
519 537 604 578 sub
621 536 836 579 Octobris
854 537 989 580 finem
1011 537 1087 593 (vti
1107 538 1252 591 spero)
1271 538 1326 579 ad
1344 552 1423 579 vos
1439 537 1560 592 angli
1577 537 1705 592 quin-

68 627 171 667 que,
199 626 287 653 vno
316 613 542 655 consortio
574 613 801 663 associati;
828 613 882 655 de
907 627 1097 667 quorum
1121 614 1248 655 saluo
1279 615 1445 655 Romae
1475 614 1703 655 conducto

67 688 221 731 audire
244 690 535 732 vehementer
565 689 787 744 cupimus;
815 697 908 730 tum
932 690 990 730 ob
1022 691 1266 731 multorum
1292 689 1483 733 Lovanii
1508 704 1702 731 commo·

67 765 277 816 randum,
310 773 405 807 tum
429 779 583 808 eorum
611 774 844 820 parentum
870 780 921 807 ac
945 773 1244 820 cognatorum
1271 766 1314 807 in
1341 767 1509 821 Anglia
1532 767 1703 821 degen-

68 842 196 892 tium,
223 842 595 885 consolationem.
622 843 795 886 Foueat
826 844 996 897 (queso)
1030 843 1118 885 Ρ.ἒιε
1142 843 1221 885 V.a
1244 856 1345 884 cum
1380 843 1532 885 fauore
1559 843 1701 885 Geor·

64 917 190 973 gium
217 919 506 961 Morbredum
533 918 547 937 ‘¹
571 926 615 960 et
640 919 867 961 Adamum
894 919 1092 961 Brokum
1118 918 1150 969 ⁵,
1176 919 1342 973 dignos
1367 918 1544 972 quidem
1575 919 1700 962 iuue-

63 1009 160 1045 nes,
188 1002 276 1036 tam
298 995 495 1036 moribus
520 995 614 1049 piis,
635 1009 766 1049 quam
791 995 879 1037 fide
900 996 1124 1049 probatos3
1151 1003 1377 1049 oportuno
1401 1009 1509 1037 sane
1528 1002 1701 1050 tempo-

64 1086 111 1114 re
135 1070 178 1112 in
204 1071 372 1126 Anglia
396 1085 485 1112 non
509 1071 704 1114 invtiles.

154 1160 195 1201 3.
261 1148 362 1189 Hoc
392 1148 562 1190 vernali
594 1161 774 1201 quoque
806 1154 1006 1201 tempore
1031 1148 1207 1189 venturi
1239 1156 1345 1189 sunt
1369 1147 1458 1189 alii:
1491 1163 1608 1189 Vnus
1632 1163 1698 1190 sa-

64 1225 238 1276 cerdos,
259 1224 475 1279 egregius
498 1224 791 1266 concionator
816 1222 845 1275 b,
867 1223 940 1278 qui
966 1224 1168 1278 plurimis
1192 1224 1235 1265 in
1262 1224 1369 1266 locis
1394 1239 1601 1279 magnam
1624 1226 1700 1266 ha-

65 1301 142 1343 bet
165 1300 376 1342 noticiam
401 1315 506 1342 cum
532 1300 759 1342 nobilibus
783 1301 929 1355 anglis
952 1300 1202 1342 catholicis.
1229 1302 1334 1343 Duo
1356 1300 1512 1354 reliqui
1531 1308 1635 1342 sunt
1653 1301 1696 1342 in

65 1377 260 1431 presenti
293 1384 582 1419 tornacenses
620 1377 844 1431 discipuli,
877 1377 995 1418 acuti
1036 1377 1220 1432 ingenio
1248 1378 1573 1420 adolescentes:
1606 1391 1695 1419 non

64 1454 283 1494 habentes
315 1454 370 1496 ad
404 1453 571 1495 victum
608 1461 651 1496 et
682 1453 800 1494 vitae
842 1453 1109 1503 necessaria,
1151 1454 1435 1496 coadiutores
1474 1461 1695 1508 cogentur

63 1537 140 1571 aut
162 1530 452 1573 Germaniam
480 1537 648 1584 petere,
675 1538 753 1572 aut
778 1532 961 1572 Romam
988 1529 1148 1572 visere.
1174 1530 1386 1573 Societati
1413 1538 1590 1572 nostrae
1612 1544 1692 1571 co-

62 1606 210 1660 optari
246 1614 394 1649 mente
423 1606 678 1648 firmissima
702 1606 971 1658 desiderant,
996 1614 1039 1647 et
1069 1621 1093 1647 a
1123 1606 1332 1648 Patribus
1361 1606 1524 1648 nostris
1548 1614 1695 1647 torna-

63 1682 274 1725 censibus
303 1682 558 1737 ingressum
590 1690 801 1737 querunt3
832 1685 986 1724 Patres
1018 1690 1164 1725 tamen
1191 1684 1249 1724 ob
1279 1696 1515 1725 numerum
1539 1697 1694 1724 eorum
1731 1730 1734 1733 ,

64 1773 177 1813 quos
199 1774 253 1802 ex
288 1759 481 1814 collegio
511 1760 653 1810 alunt,
691 1759 851 1814 anglos
876 1760 933 1813 (vt
963 1759 1072 1800 mihi
1102 1762 1412 1811 asseruerunt)
1441 1766 1694 1801 sustentare

64 1843 305 1890 nequeant.
333 1836 438 1879 Sola
464 1837 604 1877 Roma
628 1836 774 1890 anglis
804 1841 865 1888 (vt
889 1837 1013 1877 Deus
1037 1828 1290 1877 misericors
1318 1835 1543 1890 disponat)
1574 1838 1693 1877 retu-

65 1912 189 1966 gium
214 1920 297 1954 est.

154 2001 195 2041 4.
264 1989 460 2031 Auditur
484 2002 563 2043 pro
585 1996 709 2030 certo
732 1990 794 2043 (vt
818 1989 995 2043 quidam
1022 1989 1238 2043 scribunt)
1263 1988 1519 2031 hibernicos
1539 1991 1693 2031 catho-

64 2065 171 2107 licos
196 2067 486 2120 pugnauisse‚
515 2072 557 2107 et
581 2065 759 2106 duobus
784 2065 959 2120 praeliis
982 2072 1137 2107 contra
1162 2066 1322 2119 anglos
1352 2065 1583 2107 victoriam
1612 2067 1691 2106 ab·

65 2142 264 2185 tinuisse.
294 2141 381 2183 Diu
407 2142 717 2195 praestolatam
741 2149 784 2183 et
809 2157 832 2183 a
862 2142 1064 2196 pluribus
1095 2142 1498 2196 praedesideratam
1531 2142 1692 2183 hereti-

63 2233 216 2260 corum
244 2218 583 2260 conversionem
613 2218 687 2259 det
718 2218 846 2259 nobis
872 2233 947 2272 per
972 2232 1153 2272 praeces
1176 2227 1349 2261 vestras
1373 2218 1689 2272 cunctipotens

65 2296 203 2345 Deus,
249 2295 457 2335 dominus
505 2302 655 2336 noster
688 2296 837 2350 Jesus.
887 2295 1048 2337 Amen.
1092 2294 1277 2336 Lovanii
1323 2306 1374 2350 19
1428 2294 1692 2336 Decembris

70 2371 194 2424 1564.

134 2542 153 2567 b
206 2541 409 2583 Quaedam
439 2540 555 2574 verba
584 2542 778 2573 annotata
797 2544 889 2573 sunt
916 2541 969 2574 ad
990 2541 1232 2585 marginem,
1256 2552 1352 2585 qnae
1373 2541 1453 2586 legi
1474 2545 1687 2585 nequeunt.

135 2698 147 2717 3
199 2699 271 2732 Hic
303 2698 423 2731 Roma
456 2697 594 2731 missus
623 2697 746 2731 fuerat
778 2698 815 2730 in
845 2697 1092 2731 Germaniam
1122 2697 1279 2731 ineunte
1311 2698 1446 2731 Martio
1480 2699 1584 2742 1564.
1618 2699 1690 2743 Id„

66 2756 174 2800 ibid.‚
192 2766 275 2800 459.

135 2816 148 2834 ⁴
197 2815 390 2859 Georgius
417 2813 644 2848 Morbredus
669 2813 904 2856 (Morbread)
920 2814 997 2858 jam
1019 2814 1177 2848 Romam
1204 2823 1434 2860 pervenerat
1465 2828 1595 2851 mense
1617 2817 1691 2851 No-

66 2873 228 2914 vembri,
250 2882 290 2907 ut
308 2878 461 2907 constat
481 2884 527 2906 ex
547 2873 659 2907 catal.
684 2884 753 2906 ms.
776 2872 1007 2906 novitiorum
1027 2872 1164 2907 domus
1184 2885 1377 2909 romanae.

136 2933 148 2951 ⁵
200 2932 370 2966 Adamus
390 2932 539 2965 Brokus
562 2931 742 2975 (Brooke)
763 2931 800 2965 in
820 2933 936 2965 citato
954 2933 1068 2966 catal.
1091 2931 1323 2968 novitiorum
1344 2940 1502 2979 apparet
1528 2935 1689 2980 primum

67 2990 128 3024 die
151 2999 190 3033 14
213 2991 337 3024 Martii
362 2991 462 3033 1565.
