1971 3276
299 237 367 272 542
799 227 987 261 POLANOE
1021 234 1338 261 COMPLEMENTA

249 338 292 372 et
323 327 625 371 omnimodam
659 327 917 370 facultatem
949 333 1300 369 commemorato
1333 327 1441 368 Rdo.
1467 325 1649 368 domino
1677 325 1888 380 episcopo

251 405 465 460 plocensi,
499 404 760 458 religionem
795 403 1037 458 praefatam
1063 403 1303 446 Societatis
1328 404 1437 458 Jesu
1461 402 1505 443 in
1536 402 1693 444 eodem
1725 401 1887 456 oppido

254 483 538 532 Postorosko,
559 481 602 521 in
623 481 722 522 loco
740 480 964 535 gymnasii
988 479 1085 521 siue
1104 479 1146 520 in
1167 479 1265 533 ipso
1284 480 1537 534 gymnasio,
1559 493 1635 533 per
1653 478 1793 532 ipsius
1814 492 1887 532 pa-

252 558 506 601 ternitatem
532 557 618 598 iam
643 564 868 610 extructo,
894 556 1177 608 instituendi,
1203 556 1550 610 institutamque
1568 555 1777 596 omnibus
1801 569 1887 597 me-

249 635 434 676 lioribus
459 634 711 690 rationibus
735 642 777 676 et
803 633 946 674 modis
971 632 1284 687 promouendi,
1308 632 1529 673 fructibus
1552 631 1754 674 honestis
1772 630 1870 672 aliis

251 726 338 765 que
362 710 762 752 commoditatibus
787 724 867 764 pro
897 724 1086 752 numero
1118 709 1430 764 religiosorum
1462 709 1518 750 ad
1548 708 1590 750 id
1620 707 1887 750 coenobium

252 788 558 830 uocandorum
580 788 651 829 uel
672 787 757 828 iam
784 793 1047 828 uocatorum
1074 787 1128 828 de
1151 800 1234 827 suo
1260 785 1542 840 prouidendi,
1564 785 1804 839 omniaque
1824 785 1886 827 fa-

250 865 397 908 ciendi
430 879 545 918 quae
575 865 630 906 ad
662 864 986 918 perficiendum
1020 864 1390 917 explendumque
1415 863 1610 905 salutare
1637 863 1741 912 hoc,
1768 861 1889 916 pium

250 951 294 986 et
319 956 533 997 perquam
557 942 662 983 utile
685 940 956 996 reipublicae
975 940 1247 982 christianae
1266 940 1541 990 institutum,
1564 939 1714 982 ualere
1736 939 1885 982 neces'·

250 1019 457 1073 sariaque
486 1033 586 1060 esse
616 1018 858 1073 intelligat.
892 1019 1041 1072 Quam
1076 1017 1340 1071 religionem
1369 1016 1646 1072 Jesuitarum
1682 1015 1892 1057 omnibus

252 1096 552 1146 libertatibus,
587 1095 1037 1148 immunitatibusque
1071 1108 1121 1135 ac
1151 1094 1325 1136 iuribus
1356 1094 1558 1150 gaudere
1591 1092 1814 1148 potirique
1846 1091 1889 1132 in

252 1187 393 1227 regno
430 1182 583 1214 nostro
618 1173 849 1216 uolumus.
887 1171 1011 1213 iuxta
1050 1171 1375 1226 praescriptum
1416 1178 1688 1212 statutorum
1729 1169 1893 1223 quibus

252 1251 454 1305 gaudent
500 1249 825 1304 potiunturque
864 1263 1022 1291 omnes
1060 1248 1258 1289 omnium
1302 1248 1509 1303 gentium
1544 1246 1891 1288 christianorum

252 1326 506 1381 religiones,
533 1326 605 1367 cui
630 1327 763 1367 etiam
791 1325 1087 1380 patrocinium
1112 1324 1533 1378 defensionemque,
1566 1338 1650 1365 una
1683 1336 1785 1364 cum
1811 1336 1891 1364 no-

254 1403 358 1445 stris
376 1403 716 1444 successoribus
744 1402 1020 1457 pollicemur.
1041 1403 1088 1443 ln
1115 1401 1247 1443 cuius
1266 1402 1327 1444 rei
1350 1400 1674 1451 testimonium,
1696 1399 1892 1453 sigillum

250 1488 452 1521 nostrum
483 1493 696 1534 praesens
719 1486 786 1520 est
822 1486 1049 1532 apertum.
1076 1479 1241 1520 Datum
1276 1477 1560 1520 Petricouiae
1589 1476 1633 1517 in
1664 1486 1892 1519 conuentu

252 1556 395 1611 regni,
424 1568 478 1610 23
505 1556 668 1606 Martii,
697 1570 816 1597 anno
842 1555 1022 1597 Domini
1060 1555 1185 1608 1565,
1214 1555 1339 1609 regni
1365 1554 1507 1596 nostri
1533 1565 1633 1608 37.»

346 1645 410 1675 12.
478 1633 509 1674 Il
540 1633 737 1674 cardinal
762 1633 1104 1674 Commendone
1132 1632 1313 1673 all'hora
1339 1631 1498 1673 nuntio
1521 1631 1634 1673 della
1658 1631 1764 1673 sede
1787 1645 1869 1685 apo

250 1710 406 1752 stolica
435 1724 649 1764 appresso
677 1709 705 1749 il
741 1709 864 1750 detto
889 1723 949 1761 re,
975 1709 1037 1763 gli
1061 1709 1191 1752 diede
1216 1708 1539 1750 informacione
1563 1708 1678 1749 della
1701 1708 1893 1762 Compa-

251 1787 374 1841 gnia,
400 1796 443 1828 et
471 1788 565 1828 fece
590 1785 628 1828 si
655 1785 810 1827 buono
834 1785 997 1838 officio,
1027 1786 1112 1828 che
1141 1800 1231 1826 non
1257 1786 1588 1827 solamentente
1606 1784 1633 1825 il
1659 1798 1705 1826 re
1727 1783 1897 1825 admise

252 1864 291 1904 la
323 1863 621 1917 Compagnia,
651 1876 778 1905 come
812 1862 847 1903 si
874 1863 986 1905 uede
1016 1876 1093 1916 per
1123 1863 1162 1903 la
1187 1870 1383 1916 patente,
1412 1876 1482 1902 ma
1513 1874 1677 1902 ancora
1710 1861 1803 1904 fece
1832 1860 1897 1901 in-

252 1941 427 1982 stancia
451 1941 592 1994 (come
617 1939 652 1980 si
679 1939 791 1980 uede
817 1953 892 1993 per
917 1939 956 1980 le
976 1939 1112 1981 letere
1135 1939 1206 1981 del
1231 1938 1471 1991 cardinale)
1492 1939 1578 1980 che
1608 1937 1642 1979 si
1667 1938 1796 1980 desse
1820 1952 1870 1979 ca

254 2016 345 2058 rico
367 2017 450 2057 alla
470 2016 753 2070 Compagnia
778 2015 884 2057 d’un
905 2016 1098 2070 collegio
1125 2015 1379 2058 uniuersale
1403 2015 1444 2056 di
1468 2015 1569 2056 tutti
1589 2015 1649 2069 gli
1675 2014 1793 2056 studi
1812 2016 1895 2057 che

251 2093 272 2136 ὲ
297 2093 427 2134 solita
452 2093 507 2134 ad
536 2092 792 2147 insegnam,
821 2107 897 2146 per
931 2094 969 2133 la
995 2107 1074 2133 sua
1105 2092 1211 2133 cittii
1246 2092 1289 2133 di
1322 2086 1468 2142 Vilna,
1501 2094 1584 2134 che
1607 2091 1629 2134 ὲ
1659 2105 1770 2146 capo
1798 2091 1896 2133 dela

254 2169 476 2223 Lituania‚
506 2169 701 2211 uolendo
725 2184 749 2210 a
773 2183 854 2210 sue
873 2183 1003 2223 spese
1031 2168 1241 2210 edificare
1264 2178 1306 2210 et
1327 2169 1481 2211 dotare
1499 2183 1600 2210 esso
1619 2168 1830 2223 collegi03
1851 2175 1896 2209 et

254 2247 317 2289 fra
342 2254 468 2288 tanto
501 2247 557 2287 ha
587 2245 821 2300 assignato
851 2260 875 2286 a
905 2245 974 2287 cio
1006 2245 1198 2286 un'altro
1227 2245 1405 2287 edificio
1436 2245 1692 2300 principale,
1723 2244 1895 2287 deside-

256 2323 396 2364 rando
421 2324 505 2364 che
536 2323 575 2363 la
599 2329 753 2363 nostra
783 2322 1064 2376 Compagnia
1094 2322 1272 2363 ristauri
1304 2321 1329 2362 il
1355 2323 1504 2363 danno
1530 2322 1641 2363 fatto
1674 2321 1718 2363 in
1749 2321 1896 2375 quelle

254 2399 364 2453 parti
388 2400 504 2440 dalla
528 2399 718 2449 heresia‚
752 2406 796 2439 et
827 2413 873 2440 se
904 2398 943 2438 le
984 2413 1196 2453 opponga
1222 2413 1245 2439 a
1275 2399 1404 2450 guisa
1428 2399 1534 2439 d'un
1560 2400 1692 2449 forte,
1717 2397 1895 2440 afinche

251 2477 335 2517 ella
361 2490 449 2517 non
474 2475 592 2530 passi
616 2475 691 2530 piu
717 2474 912 2515 innanzi.
942 2475 996 2515 Et
1029 2475 1192 2528 perche
1216 2476 1243 2515 il
1276 2489 1405 2529 papa,
1438 2474 1711 2529 giudicando
1743 2476 1826 2517 che
1858 2474 1893 2516 si

252 2553 445 2594 douesse
467 2559 729 2594 contentare
756 2551 781 2591 il
809 2566 871 2601 re,
900 2552 996 2593 fece
1021 2551 1254 2593 intendere
1278 2566 1300 2592 a
1326 2559 1480 2592 nostro
1500 2552 1642 2594 Padre
1659 2552 1730 2592 dal
1754 2551 1893 2592 cardi-

253 2629 323 2668 nal
353 2629 615 2677 Borromeo,
642 2642 726 2669 suo
752 2627 921 2682 nipote,
949 2628 1032 2668 che
1056 2626 1099 2667 in
1126 2627 1234 2681 ogni
1259 2628 1390 2668 modo
1417 2628 1579 2669 uoleua
1603 2642 1650 2668 se
1673 2630 1893 2669 accettas·

254 2717 300 2744 se
325 2711 488 2756 questo
513 2703 721 2758 collegio,
750 2703 956 2746 l'accetto
981 2710 1134 2745 nostro
1155 2704 1298 2744 Padre
1323 2704 1550 2758 generale,
1568 2703 1744 2746 benche
1770 2703 1894 2744 inan-

254 2778 290 2818 zi
322 2779 363 2818 lo
393 2792 627 2830 recusaua,
661 2787 704 2820 et
723 2794 801 2833 per
827 2787 988 2833 questo
1024 2787 1242 2820 autumno
1278 2778 1314 2819 si
1339 2780 1514 2820 haueua
1544 2779 1601 2819 da
1634 2779 1821 2820 mandar
1855 2779 1895 2820 la

1554 2853 1585 2873 16

253 2861 405 2907 gente;
434 2869 503 2897 ma
528 2856 690 2908 perche
714 2855 741 2895 il
769 2854 963 2909 palatino
987 2855 1102 2896 della
1128 2854 1370 2896 medesima
1397 2854 1526 2896 Vilna
1611 2853 1647 2894 si
1672 2854 1828 2897 ribello
1851 2855 1891 2896 al

313 3018 342 3036 ‘⁶
395 3018 482 3051 Erat
502 3018 533 3051 is
554 3018 734 3052 Nicolaus
754 3018 969 3052 Radivillus
989 3018 1224 3060 (Radziwil).
