1971 3276
598 191 733 225 Emsr.
771 197 892 233 104-
908 198 946 232 14
970 190 1080 233 JULu
1103 190 1191 233 1564
1596 199 1664 234 475

72 307 174 335 nem
199 291 337 334 literis
359 291 414 333 ad
443 293 619 332 Patrem
651 290 927 344 generalem,
953 289 1070 331 duos
1094 302 1149 330 ex
1171 289 1398 332 Societate
1421 303 1516 332 eam
1541 291 1595 332 ad
1620 305 1711 333 rem

74 368 203 410 ualde
227 366 594 409 accommodatos
617 365 935 419 impetrarunt.
969 364 1058 419 Qui
1093 364 1287 406 Velitras
1322 365 1523 419 profecti,
1549 365 1710 407 ciuita-

74 453 161 486 tem
187 444 330 499 primo
358 443 403 484 in
438 455 495 496 40
532 441 674 484 ueluti
709 442 876 484 classes
914 440 1256 494 distribuerunt,
1287 456 1337 483 ac
1369 441 1559 496 singulis
1593 443 1714 484 locos

73 521 277 576 singulos
299 536 354 563 ex
382 520 471 561 uita
495 519 596 574 Xpi.
625 519 681 559 ad
710 518 1018 560 meditandum
1045 518 1351 573 assignarunt.
1386 519 1490 560 Post
1526 534 1642 561 unus
1665 519 1712 560 il-

72 599 214 639 lorum
240 597 508 639 concionem
534 596 589 636 de
613 594 830 636 orationis
852 594 942 636 fine
966 595 1287 648 consequendo
1311 595 1442 637 talem
1470 595 1643 648 habuit,
1665 605 1713 637 ut

72 689 229 718 omnes
254 674 330 728 qui
355 674 540 715 aderant
564 673 765 727 (aderant
791 679 941 714 autern
967 671 1093 725 quasi
1122 671 1201 712 tria
1232 671 1386 724 millia)
1418 673 1710 715 uehementer

73 751 327 793 accenderit
357 758 492 803 atque
523 748 885 790 inflammauerit.
931 748 1187 791 Subsecuta
1220 748 1382 791 deinde
1416 758 1482 790 est
1517 750 1713 792 solennis

73 835 117 870 et
140 827 348 881 religiosa
373 825 658 881 supplicatio,
686 824 758 866 cui
786 823 973 866 trecenti
999 824 1140 878 pueri,
1175 825 1287 866 albis
1322 824 1466 866 induti
1489 826 1709 875 uestibus,

74 904 320 959 praeibant3
347 910 442 945 tum
466 902 661 956 denique
687 901 826 956 prima
850 900 1019 951 elassis,
1048 901 1261 943 inuocato
1292 901 1396 956 Xpi.
1434 903 1541 944 lEsv
1573 903 1713 943 nomi-

73 995 144 1033 ne,
171 988 275 1022 ante
298 979 579 1021 salutiferum
604 978 700 1020 eius
727 991 892 1032 corpus
916 992 1041 1019 orare
1070 992 1120 1018 ac
1141 978 1342 1020 meditari
1365 978 1534 1032 coepit.
1563 980 1712 1033 Quam

72 1056 229 1098 ordine
258 1055 507 1110 perscripto
542 1053 737 1107 reliquae
776 1053 989 1107 deinceps
1031 1053 1261 1095 insecutae
1292 1061 1413 1096 sunt.
1448 1055 1502 1095 Et
1532 1054 1711 1107 quidem

72 1132 169 1174 siue
191 1133 277 1173 hoc
299 1145 446 1186 genus
470 1130 726 1185 praecandi,
752 1129 849 1170 siue
880 1129 1079 1183 publicas
1105 1129 1394 1184 priuatasque
1438 1130 1714 1172 hortationes

73 1217 116 1250 et
139 1208 360 1262 colloquia
392 1216 585 1261 spectes,
620 1206 664 1246 id
699 1220 803 1248 uere
833 1206 918 1247 dici
952 1213 1114 1260 potest,
1148 1221 1235 1247 non
1266 1206 1413 1248 minus
1450 1207 1579 1248 utiles
1608 1208 1713 1248 huic

74 1286 245 1328 ciuitati
281 1293 537 1327 nostrorum
573 1282 850 1336 diligentiam
887 1290 931 1324 et
972 1283 1299 1337 assiduitatem,
1335 1299 1466 1338 quam
1504 1270 1708 1327 necessa-

75 1363 182 1404 riam
206 1362 421 1405 extitisse.
450 1361 526 1405 Sic
551 1361 668 1403 enim
693 1368 788 1403 erat
812 1368 915 1401 ante
945 1360 1162 1414 grauibus
1191 1368 1235 1401 et
1271 1360 1532 1403 inueteratis
1561 1361 1711 1403 inimi-

76 1439 195 1480 citiis
226 1440 372 1494 plena,
412 1445 460 1479 ut
495 1452 596 1479 cum
632 1438 687 1479 de
720 1451 829 1491 pace
863 1436 978 1478 inter
1013 1437 1126 1478 duos
1156 1437 1373 1491 quosdam
1405 1446 1633 1492 ageretur,
1660 1453 1713 1479 ex

78 1524 268 1570 utraque
300 1523 423 1570 parte
454 1514 690 1568 sexaginta
729 1514 919 1566 occisos,
955 1520 999 1554 et
1034 1513 1110 1554 filii
1137 1527 1293 1555 carnes
1317 1513 1359 1554 in
1385 1515 1571 1555 macello
1604 1515 1714 1569 patri

77 1592 288 1635 uenditas
312 1606 426 1639 esse,
455 1590 695 1632 manifesto
719 1597 997 1643 compertum
1023 1589 1094 1631 sit.
1123 1591 1278 1643 Quare
1300 1590 1460 1632 ciuitas
1487 1590 1559 1632 ubi
1580 1591 1714 1633 refre-

75 1677 224 1711 natam
250 1669 568 1710 nonnullorum
594 1666 843 1717 audaciam,
870 1676 912 1708 et
938 1667 1116 1709 sedatas
1139 1668 1446 1721 aegritudines
1474 1668 1598 1718 uidit,
1625 1655 1694 1709 col

74 1746 242 1801 legium
267 1745 350 1787 sibi
375 1745 515 1800 primo
537 1758 717 1798 quoque
743 1752 942 1797 tempore
967 1744 1153 1786 concedi
1186 1744 1446 1798 postulauit.
1482 1745 1571 1787 Sed
1606 1745 1714 1786 alias
1735 1755 1738 1759 ’

75 1821 181 1876 dixi,
209 1837 399 1865 messem
426 1821 605 1875 quidem
632 1834 730 1862 esse
759 1820 963 1870 multam,
985 1821 1221 1875 operarios.
1237 1829 1385 1863 autem
1411 1835 1592 1875 paucos.

171 1911 235 1952 17.
306 1901 437 1942 Pater
464 1898 721 1952 Rodriguez
740 1910 842 1938 cum
868 1897 964 1938 aliis
991 1904 1163 1945 tantum
1188 1898 1367 1939 duobus
1397 1897 1626 1952 operariis,
1653 1898 1713 1939 al-

76 1984 172 2019 tero
194 1976 443 2026 sacerdote,
471 1976 611 2017 altero
637 1973 770 2014 nullis
796 1974 944 2015 adhuc
967 1973 1106 2015 sacris
1137 1973 1327 2025 initiato,
1365 1974 1419 2015 ad
1445 1974 1561 2015 illam
1587 1989 1712 2015 suam

76 2063 272 2094 ueterem
297 2060 340 2094 et
366 2051 497 2093 nimis
520 2050 747 2104 copiosam
773 2058 993 2104 segetem,
1021 2050 1147 2092 Illmi.
1176 2050 1451 2104 inquisitoris
1475 2050 1617 2103 iussu,
1641 2065 1710 2092 re-

77 2143 240 2172 uersus
270 2137 354 2171 est.
392 2130 460 2170 De
494 2127 579 2178 his,
614 2127 815 2180 inquam,
853 2127 1011 2180 loquor
1043 2127 1218 2182 oppidis
1256 2127 1383 2182 regni
1424 2126 1711 2182 neapolitani,

75 2219 192 2259 quae
216 2204 510 2247 Valdensium
537 2203 621 2245 iam
644 2219 667 2244 a
692 2203 1037 2258 quadringentis
1061 2204 1190 2245 annis
1213 2212 1392 2246 exortos
1416 2218 1589 2246 errores
1613 2217 1713 2244 cum

78 2273 315 2324 lutherana
353 2280 583 2335 impietate
613 2279 961 2322 coniunxerunt.
1006 2281 1059 2322 Et
1099 2280 1307 2334 quoniam
1348 2280 1489 2321 hostis
1529 2279 1713 2320 humani

76 2357 257 2411 generis
282 2358 380 2411 plus
404 2356 691 2410 octingentos
708 2356 793 2397 sibi
817 2370 892 2410 per
918 2356 1039 2398 illum
1066 2371 1122 2399 ex
1146 2356 1352 2397 manibus
1376 2363 1570 2410 ereptoS,
1597 2364 1641 2397 et
1661 2356 1715 2397 ad

79 2433 307 2476 Ecclesiae
331 2432 553 2488 gremium
579 2440 817 2474 reuocatos
844 2447 930 2473 non
957 2434 1142 2486 ferebat,
1177 2432 1379 2474 ueritatis
1412 2446 1436 2472 a
1462 2446 1600 2486 regno
1634 2446 1715 2474 suo

82 2510 435 2565 praedicatorem
460 2509 760 2551 exterminare
784 2509 989 2563 cupiens,
1017 2509 1169 2551 nescio
1193 2523 1304 2563 quos
1328 2508 1514 2563 Neapoli
1544 2524 1598 2550 ex
1623 2509 1716 2551 suis

77 2586 296 2627 ministris
320 2585 549 2637 excitauit,
575 2585 649 2639 qui
675 2581 797 2626 hunc
826 2588 1003 2627 Patrem
1033 2586 1203 2639 absque
1235 2585 1356 2639 regia
1381 2592 1602 2639 potestate
1640 2585 1711 2626 in-

75 2661 307 2716 quisitoris
330 2661 480 2703 officio
505 2661 612 2714 (illic
631 2661 674 2702 in
694 2661 849 2716 primis
872 2661 1043 2712 odioso)
1066 2661 1193 2716 fungi
1211 2661 1516 2715 diuulgarent.
1540 2663 1689 2716 Quam

80 2738 232 2779 obrem
257 2738 312 2779 ad
333 2737 550 2779 minorem
582 2751 817 2791 protegem
843 2737 947 2778 duci
978 2737 1172 2779 iubetur.
1200 2737 1494 2780 Desiderabat
1518 2738 1590 2780 ille
1620 2737 1713 2792 qui-

78 2814 181 2854 dem
206 2828 283 2868 pro
310 2815 427 2868 Xpo.
464 2814 506 2854 in
534 2827 757 2856 carcerem
790 2821 835 2855 et
864 2813 1045 2854 uincula
1079 2813 1258 2868 comici,
1291 2814 1368 2856 sed
1399 2814 1638 2869 impetrare
1671 2815 1715 2855 id

82 2889 263 2932 minime
290 2889 449 2944 potuit.
482 2891 595 2932 Nam
621 2903 721 2931 cum
748 2889 871 2930 illum
898 2903 1057 2943 prorex
1080 2889 1250 2943 aliquot
1273 2889 1368 2932 dies
1392 2892 1512 2945 apud
1540 2905 1589 2933 se
1613 2891 1713 2932 reti-

84 2965 272 3017 nuisset,
301 2966 535 3020 Neapolim
560 2966 615 3007 ad
642 2965 852 3006 maiorem
887 2965 1024 3006 totius
1055 2966 1181 3019 regni
1210 2980 1447 3021 proregem
1476 2967 1610 3018 misit;
1639 2967 1714 3020 qui
