1971 3276
628 228 763 263 Epis'r.
788 228 1095 271 101.—14JUN11
1119 234 1206 270 1504
1601 235 1668 270 457

173 341 212 370 2.
282 328 437 370 Yendo
460 328 654 382 despues
677 342 701 369 a
727 335 867 369 tomar
891 328 930 369 la
955 327 1193 370 bendieion
1218 328 1273 369 de
1297 342 1350 368 su
1375 327 1580 369 santidad
1614 343 1717 382 para

82 420 183 460 yrse
206 420 230 446 a
254 405 465 458 Napoles⁷
492 405 532 446 le
554 404 660 445 (11Χο
684 405 724 446 61
744 419 856 459 papa
873 419 961 458 que
985 405 1106 446 sabia
1126 419 1213 458 que
1233 408 1333 445 auia
1355 405 1503 446 hecho
1525 419 1581 445 un
1603 418 1714 458 gran

82 486 278 536 sermon,
305 497 332 537 y
357 496 443 536 que
467 483 650 524 deseara
675 496 835 524 auerse
864 482 1040 523 hallado
1065 490 1290 536 presente,
1324 495 1504 534 aunque
1536 496 1583 523 se
1616 484 1717 522 auia

82 561 226 602 hecho
250 559 405 602 referir
430 560 616 600 muchas
638 572 767 599 cosas
792 559 847 601 de
870 559 934 599 las
965 572 1053 612 que
1089 558 1286 613 predico.
1314 559 1352 600 Y
1378 558 1443 599 sin
1476 558 1717 612 pedisselas

81 638 122 680 el
148 638 197 679 P.
227 637 360 678 Mtro.
388 636 639 689 Salmeron,
668 635 830 676 mando
863 636 902 676 al
934 635 1178 676 secretario
1213 634 1451 678 escriuiese
1475 649 1499 675 a
1523 634 1717 688 Napoles

82 729 106 755 a
128 728 180 755 su
204 712 363 753 nuntio
386 713 519 753 letras
542 725 628 765 que
653 719 924 754 mostrassen
949 712 988 752 61
1018 726 1142 753 amor
1164 726 1192 766 y
1215 702 1388 753 credito
1412 725 1499 764 que
1530 725 1581 751 su
1606 725 1712 752 san-

82 789 203 831 tidad
224 790 264 831 16
289 791 426 841 tenia,
445 803 472 842 y
498 803 602 842 para
625 802 712 841 que
736 788 904 831 hiziese
928 789 968 830 lo
993 802 1079 842 que
1102 789 1141 829 61
1172 788 1307 829 (116110
1341 789 1482 829 Padre
1514 788 1552 829 16
1582 801 1714 829 enco-

81 866 333 916 mendasse,
366 880 392 919 y
437 873 535 907 esto
566 879 651 906 eon
686 867 850 906 mucho
889 865 1283 915 eneareeinfiento,
1322 879 1348 918 y
1381 879 1458 918 por
1490 878 1546 904 no
1577 865 1715 905 bauer

79 942 264 997 querido
283 950 491 995 acceptas
514 950 611 982 otra
635 955 739 982 cosa
763 943 804 982 el
837 942 968 983 dicho
997 942 1155 991 Padre,
1183 943 1237 982 de
1261 942 1324 982 las
1348 956 1435 994 que
1460 942 1498 983 le
1523 941 1710 981 offrecio

79 1035 131 1062 su
155 1019 377 1070 santidad3
405 1020 444 1061 61
468 1019 570 1072 qual
596 1018 787 1060 auiendo
807 1019 861 1059 de
883 1027 1023 1059 tomar
1047 1032 1150 1059 aora
1169 1019 1285 1058 doce
1304 1018 1604 1072 cappellanes,
1628 1031 1714 1070 que

79 1096 233 1151 quiere
256 1109 362 1137 sean
388 1095 598 1145 letrados,
625 1096 680 1136 ha
705 1094 838 1135 dicho
863 1109 950 1148 que
974 1094 1128 1148 quiere
1152 1109 1239 1149 que
1265 1109 1354 1136 uno
1379 1095 1434 1136 de
1459 1095 1497 1135 la
1523 1095 1712 1148 Compa-

81 1177 153 1215 fiia
178 1174 243 1214 los
266 1171 489 1214 essamine
513 1172 548 1213 si
571 1185 652 1213 son
676 1172 802 1214 tales.

169 1262 208 1303 3.
276 1249 349 1302 Oy
382 1264 428 1290 se
464 1251 575 1290 haze
608 1249 765 1289 doctor
800 1263 854 1289 en
890 1249 929 1291 el
963 1248 1156 1303 collegio
1191 1256 1375 1290 nuestro
1409 1248 1448 1288 61
1480 1247 1713 1301 areobispo

80 1326 282 1368 Colonna
309 1325 340 1376 ²,
368 1339 455 1379 que
481 1326 538 1366 ha
563 1324 715 1366 tenido
738 1333 833 1367 esta
858 1324 1078 1366 deuocion
1100 1325 1155 1367 de
1179 1339 1250 1367 ser
1281 1324 1613 1378 pi'lblieamente
1646 1336 1712 1364 65-

80 1402 310 1444 saminado
332 1417 358 1457 y
383 1403 617 1457 graduado
640 1403 695 1443 de
724 1403 790 1442 los
822 1402 1030 1443 doctores
1060 1409 1284 1444 nuestroS.
1313 1403 1380 1443 De
1414 1403 1552 1442 Roma
1579 1411 1630 1453 25
1657 1401 1711 1441 de

80 1481 213 1533 Mayo
242 1479 370 1532 1564.

169 1558 235 1599 De
260 1557 314 1598 V.
346 1557 396 1598 R.
423 1555 573 1597 sieruo
596 1570 651 1597 en
676 1554 777 1607 X.⁰,

908 1633 938 1687 †
962 1632 1083 1687 JOAN
1110 1646 1170 1674 DE
1198 1633 1440 1674 POLANCO.
1478 1632 1506 1686 †

168 1709 426 1763 Inscrz'pic'o.
461 1709 518 1751 Al
547 1724 654 1763 muy
684 1709 794 1750 Rdo.
822 1723 876 1750 en
908 1710 1026 1762 Xpo.
1065 1709 1224 1762 Padre,
1256 1710 1296 1751 el
1331 1709 1472 1750 Padre
1497 1708 1709 1749 Valdera-
1748 1695 1751 1698 ’

79 1800 196 1827 uano
221 1785 466 1840 prouincia]
492 1801 546 1828 en
570 1787 609 1827 el
635 1800 773 1839 reyno
796 1786 850 1827 de
875 1786 1047 1827 Toledo
1070 1785 1126 1827 de
1149 1786 1189 1826 la
1213 1785 1465 1839 Compafiia
1490 1786 1544 1826 de
1558 1786 1706 1840 Jesus,

78 1877 135 1904 en
160 1863 348 1905 ToledO.

368 2051 406 2084 Ρ.
439 2049 672 2086 DIDACUS
700 2051 768 2084 DE
796 2050 1155 2084 AVELLANEDA
1177 2049 1427 2086 POLANCO

626 2142 792 2167 HISPALI
824 2142 864 2176 14
890 2142 997 2175 Juxu
1027 2137 1116 2176 1504
1143 2134 1169 2169 ¹.

76 2229 107 2254 J.
134 2220 407 2254 Gundisalvus
426 2222 472 2255 de
490 2222 664 2255 Polauco
685 2222 828 2255 Patres
845 2222 995 2263 invisit,
1013 2222 1152 2266 quibus
1170 2222 1318 2255 obitum
1341 2223 1482 2254 matris
1508 2221 1709 2265 significa-

147 2280 215 2314 vit.
239 2281 345 2314 Socii
366 2285 441 2324 pro
459 2280 547 2324 ejus
568 2282 700 2325 requie
727 2280 930 2325 sacrificia
950 2282 1187 2321 obtulerunt,
1209 2284 1244 2314 et
1269 2283 1399 2324 preces
1426 2281 1477 2313 ad
1500 2279 1625 2313 Deum
1646 2279 1710 2321 fn-

146 2339 390 2373 derzmt.—2.
414 2339 636 2373 Ludovicus
655 2350 743 2373 cum
763 2340 885 2373 Patre
912 2340 1159 2374 Avellaneda
1186 2341 1232 2373 de
1258 2340 1382 2383 seipso
1412 2338 1597 2382 rebusque
1628 2339 1710 2371 suis

140 2398 236 2440 fuse
255 2398 551 2442 colloqzcitur.—
564 2408 596 2441 3.
620 2398 728 2441 Quid
742 2399 788 2432 de
807 2399 912 2432 obitu
931 2400 1072 2432 matris
1088 2399 1254 2431 Potamoi
1274 2398 1504 2431 narraverit
1522 2396 1589 2431 Fr.
1609 2399 1709 2430 San-

147 2457 282 2490 doval.

171 2564 206 2594 Ι.
274 2553 420 2608 †Jhs.
447 2553 556 2606 Muy
588 2553 703 2593 Rdo.
745 2553 889 2594 Padre
918 2567 972 2593 en
1004 2553 1120 2606 Xpo.
1159 2552 1250 2592 Pax
1280 2550 1384 2604 Xpi.
1418 2551 1623 2605 Despues
1653 2553 1708 2593 de

145 2692 158 2711 ²
210 2693 359 2726 Marcus
383 2692 578 2727 Antonius
597 2692 800 2733 Columna,
820 2693 1133 2736 archiepiscopus
1154 2691 1383 2735 tarentinus,
1412 2698 1452 2725 ut
1478 2692 1621 2736 pluries
1640 2704 1706 2737 ap-

80 2751 241 2795 pellatur
260 2751 297 2785 in
316 2751 526 2796 diplomate
546 2763 616 2785 ms.
638 2761 713 2797 quo
732 2752 802 2785 hoc
822 2753 905 2795 ipso
931 2750 994 2784 die
1023 2758 1065 2792 25
1097 2749 1185 2794 Maji
1210 2749 1250 2785 S.
1272 2749 1433 2783 Carolus
1453 2751 1706 2785 Borromaeus

76 2815 238 2844 testatur
257 2822 449 2844 summum
470 2810 690 2855 pontificem
711 2810 851 2844 nostris
869 2809 1094 2843 facultatem
1118 2808 1279 2852 gradum
1305 2809 1472 2843 doctoris
1498 2811 1552 2844 illi
1572 2810 1707 2844 confe-

78 2868 184 2903 rendi
205 2869 373 2904 dedisse.
396 2870 554 2913 EUBEL‚
575 2869 643 2911 ΙΙΙ,
664 2869 744 2911 327,
768 2868 805 2902 in
825 2869 1002 2911 catalogo
1019 2867 1190 2903 dioeces.
1218 2868 1400 2904 tarentin.
1429 2880 1516 2903 eum
1547 2869 1705 2912 omittit,

75 2926 165 2961 licet
183 2928 287 2970 alibi⁷
307 2940 342 2972 p.
363 2938 422 2972 44,
444 2939 532 2962 eum
554 2928 722 2972 appellet
742 2926 970 2970 archiepisc.
991 2931 1130 2960 tarent.

146 3021 156 3040 ¹
209 3022 264 3055 Ex
280 3022 518 3066 autographo
538 3021 574 3054 in
594 3020 739 3054 codice.
762 2993 889 3065 Epist.
911 3019 1084 3064 Hispan.
1104 3020 1220 3063 1564,
1241 3031 1328 3065 pag.
1351 3028 1432 3064 270.
