1971 3276
546 219 681 253 EPIST.
711 217 861 262 7z.-31
893 219 1137 252 DECEMBRJS
1168 220 1251 261 1561
1616 217 1679 260 285

100 336 177 377 pro
202 320 351 374 Indiis,
378 320 602 363 interdum
637 332 716 374 pro
741 318 900 374 patria,
930 319 1064 360 modo
1094 333 1173 372 pro
1196 319 1296 369 hac,
1331 318 1461 359 modo
1485 332 1563 372 pro
1587 318 1657 358 illa
1682 332 1727 358 re

98 396 398 451 conficiunda,
431 404 507 438 aut
541 411 565 437 a
589 397 685 438 Deo
715 395 797 437 sibi
831 396 900 436 uel
926 394 1138 450 proximis
1170 394 1464 448 impetranda;
1499 402 1546 434 ut
1571 394 1640 434 illa
1667 403 1726 434 ta-

99 482 284 517 ceantur
317 488 432 528 quae
462 473 669 528 precibus
697 488 722 515 a
751 472 1058 527 superioribus
1087 472 1342 526 complures
1365 478 1634 525 extorquere
1657 485 1705 511 so

100 554 206 601 lent,
235 552 306 594 uel
330 550 385 592 ad
408 550 674 605 expiandam
704 548 1027 604 negligentiam
1054 556 1096 591 et
1129 549 1280 603 lapsus
1303 548 1347 588 in
1372 547 1557 602 regulis,
1586 548 1655 589 uel
1682 554 1728 587 ut

100 630 183 670 hoc
206 627 353 669 officio
388 634 431 668 et
460 625 714 669 deuotionis
743 640 911 681 genere
933 639 1035 667 eum
1067 624 1223 666 diuum
1250 624 1439 678 quisque
1468 631 1726 672 ueneretur,

98 704 228 746 cuius
250 704 344 746 dies
368 702 529 745 natalis
552 702 612 743 illi
636 702 869 744 sortitione
888 702 1090 745 obuenit.
1112 702 1399 755 Quapropter
1418 706 1611 754 quantae
1643 714 1726 740 ma·

99 781 243 822 ximae
268 787 456 835 possunt
478 786 521 821 et
545 780 700 820 laudes
723 778 988 821 tribuendae
1011 785 1132 832 sunt,
1161 785 1204 819 et
1235 776 1407 831 gratiae
1437 776 1639 831 agendae
1668 776 1710 816 di

101 856 232 899 uinae
262 856 466 906 bonitati,
499 870 612 910 quae
642 863 897 896 nostrorum
928 855 1099 897 animos
1126 861 1249 895 tanto
1281 852 1606 896 uehementiori
1636 860 1733 894 stu-

98 933 172 975 dio
195 947 303 976 suae
331 940 376 974 et
399 932 571 974 alienae
600 931 755 973 salutis
778 938 822 972 et
854 930 1140 986 perfectionis
1170 930 1432 983 inflammat,
1466 936 1637 983 quanto
1661 944 1731 971 ac-

98 1010 365 1052 curatiorem
389 1024 570 1064 operam
589 1016 632 1051 et
653 1008 962 1063 perfectiorem
982 1022 1111 1062 opem
1133 1006 1379 1049 miserrima
1399 1008 1509 1048 haec
1529 1013 1729 1060 tempora

101 1088 342 1142 postulant.
381 1088 435 1127 Et
470 1087 688 1141 profecto,
729 1093 774 1127 ut
799 1085 952 1128 uidere
982 1084 1100 1135 licet,
1127 1086 1252 1127 Deus
1284 1083 1480 1138 optimus
1514 1083 1733 1124 maximus

99 1163 476 1218 quemadmodum
508 1177 591 1204 nos
621 1177 674 1205 eo
705 1163 761 1204 ad
791 1165 876 1204 hoc
903 1162 1020 1203 uitae
1051 1175 1198 1215 genus
1227 1169 1270 1201 et
1306 1160 1629 1215 professionem
1657 1174 1713 1200 uo

98 1254 200 1283 care
223 1239 438 1294 dignatus
460 1249 543 1290 est,
582 1248 628 1281 ut
653 1239 797 1290 nobis,
823 1246 866 1282 et
897 1246 1112 1293 quantum
1145 1245 1323 1280 nostrae
1352 1236 1591 1280 Societatis
1621 1237 1731 1278 ratio

102 1317 200 1366 fert,
233 1316 328 1358 aliis
358 1316 490 1359 etiam
522 1315 901 1370 quamplurimum
934 1315 1144 1369 prodesse
1177 1327 1427 1368 possemus,
1451 1313 1514 1354 sic
1537 1312 1622 1354 illis
1657 1314 1730 1366 qui

98 1407 229 1434 suum
255 1392 450 1434 officium
476 1406 553 1447 pro
587 1391 700 1434 uirili
728 1391 911 1443 faciunt,
936 1405 1034 1433 eam
1066 1391 1323 1432 facultatem
1347 1404 1570 1444 opemque
1601 1389 1730 1444 largi-

76 1457 186 1520 tur,
225 1484 311 1523 qua
346 1483 434 1510 non
469 1469 602 1510 modo
637 1468 681 1510 in
715 1467 805 1510 uita
840 1467 1144 1509 constanciam
1170 1478 1368 1521 seruent,
1408 1480 1563 1508 uerum
1598 1466 1728 1508 etiam

101 1546 226 1600 plura
248 1553 292 1588 et
316 1545 483 1588 maiora
508 1552 750 1599 praestent,
777 1558 910 1598 quam
942 1551 1119 1584 nostrae
1152 1542 1445 1597 professionis
1469 1542 1537 1583 uis
1560 1542 1729 1596 exigat3

100 1630 314 1676 tantaque
343 1634 409 1664 est
447 1621 631 1663 fratrum
656 1620 701 1661 in
728 1619 1015 1675 poenitentiis
1045 1627 1089 1660 et
1109 1618 1529 1660 mortificationibus
1552 1618 1726 1673 efflagi—

101 1698 248 1740 tandis
276 1697 521 1748 contentio,
550 1704 612 1751 ut,
640 1697 675 1738 si
707 1697 930 1751 postulata
959 1696 1336 1745 concederentur,
1372 1696 1523 1736 nullus
1554 1697 1732 1736 futurus
1763 1690 1767 1694 ⁴

98 1783 218 1817 esset
242 1774 415 1816 modus.
1616 1762 1621 1767 ¹

191 1863 230 1904 5.
297 1852 388 1894 Sed
412 1858 476 1902 ut,
503 1865 592 1905 quo
614 1850 844 1905 coepimus
869 1849 1042 1902 ordine,
1070 1862 1329 1903 pergamus,
1358 1855 1455 1902 post
1482 1847 1626 1889 Patris
1650 1861 1706 1901 ge

100 1927 263 1970 neralis
293 1927 634 1982 profectionem,
668 1926 822 1981 paucis
850 1926 1009 1967 diebus
1034 1927 1085 1968 R.
1115 1925 1164 1967 P.
1198 1924 1488 1966 Franciscum
1521 1923 1730 1978 Borgiam

101 2019 203 2046 cum
227 2004 362 2047 sociis
380 2004 667 2057 incolumem,
689 2004 874 2046 Christo
899 2002 1107 2058 gratiam,
1134 2002 1236 2044 laeti
1261 1999 1532 2055 accepimus3
1558 2007 1602 2041 et
1626 2014 1731 2053 qua-

102 2080 249 2123 triduo
282 2088 382 2136 post
417 2083 467 2124 R.
506 2082 555 2122 P.
593 2081 918 2131 Salmeronem,
951 2079 1025 2134 qui
1059 2079 1190 2120 simul
1221 2086 1353 2131 atque
1386 2092 1439 2120 ex
1473 2090 1590 2130 equo
1612 2075 1730 2116 dorni

100 2158 346 2209 descendit,
380 2159 435 2200 ad
457 2157 715 2212 collegium,
749 2156 1101 2199 consolationem
1131 2164 1175 2198 et
1201 2154 1476 2210 spiritualem
1508 2152 1729 2194 laeticiam

103 2235 299 2276 omnium
330 2242 561 2285 aucturus,
590 2236 860 2288 properauit,
887 2232 961 2273 ubi
994 2247 1047 2274 eo
1075 2232 1147 2273 die
1173 2234 1222 2273 P.
1252 2230 1540 2272 Franciscum
1572 2228 1726 2270 audie-

104 2312 178 2352 bat
200 2325 468 2366 pransurum
499 2325 587 2352 una
611 2324 713 2351 cum
740 2312 790 2352 P.
829 2311 963 2352 Petro
987 2310 1113 2358 Soto,
1149 2309 1281 2349 fratre
1311 2305 1612 2355 dominicanO,
1646 2305 1730 2346 Ca-

105 2387 183 2429 roli
206 2388 245 2430 V
270 2387 373 2428 olim
403 2386 692 2440 confessario,
726 2386 822 2427 uiro
852 2384 1070 2440 singulari
1104 2383 1307 2425 doctrina
1336 2391 1379 2424 et
1412 2382 1577 2424 uirtute
1608 2396 1729 2436 prae-

102 2463 211 2515 dito,
238 2470 506 2517 nostraeque
530 2462 767 2506 Societatis
790 2461 1134 2504 studiosissimo.
1162 2461 1203 2502 A
1229 2459 1415 2514 prandio
1446 2473 1546 2500 cum
1574 2458 1616 2499 hi
1645 2460 1705 2500 Pa

105 2547 193 2581 tres
216 2540 259 2581 in
282 2539 578 2582 domesticum
601 2539 812 2580 sacellum
836 2553 883 2581 se
908 2537 1197 2592 recepissent,
1223 2537 1266 2577 in
1297 2535 1485 2590 gratiam
1515 2534 1611 2577 Soti
1636 2535 1728 2575 col-

105 2616 286 2670 legiales
305 2630 462 2658 omnes
485 2616 529 2657 in
553 2615 747 2657 medium
768 2614 1040 2670 prodierunt,
1061 2628 1138 2677 per
1157 2613 1359 2654 nationes
1382 2611 1530 2662 diuisi,
1552 2625 1729 2666 germa-

107 2691 166 2745 ni,
199 2692 379 2733 bohemi
409 2693 538 2746 (quae
561 2692 676 2734 duae
706 2690 914 2745 regiones
943 2691 1106 2731 multos
1136 2689 1178 2730 in
1212 2689 1297 2729 hoc
1328 2701 1512 2729 romano
1537 2687 1729 2741 collegio

108 2768 274 2809 habent
312 2769 548 2820 alumnos),
590 2767 755 2822 poloni,
804 2766 954 2821 prusii,
999 2767 1190 2818 liuones,
1239 2764 1449 2819 hungari,
1491 2765 1728 2814 dalmatae,

106 2843 272 2897 graeci,
305 2844 442 2899 angli,
475 2844 669 2898 hispani,
703 2842 899 2890 lusitani,
934 2842 1108 2896 belgae,
1145 2841 1400 2894 caeterique
1424 2840 1529 2895 galli
1554 2849 1596 2882 et
1620 2840 1728 2891 itali3

105 2932 293 2972 quarum
319 2921 550 2962 nationum
577 2934 791 2961 numerus
814 2926 858 2960 et
885 2918 1074 2960 uarietas
1105 2932 1313 2970 magnam
1344 2918 1493 2958 attulit
1518 2919 1627 2960 Soto
1656 2919 1730 2958 ad-

109 2993 385 3039 mirationem
420 3003 463 3038 et
489 2996 778 3050 uoluptatem,
805 2993 1040 3049 praecipue
1072 3008 1180 3035 uero
1206 2994 1580 3047 transalpinorum
1600 2993 1730 3046 juue-
