1971 3276
297 208 365 251 596
795 206 983 239 POLANOE
1011 212 1325 239 coMPLEMENTA

251 323 352 364 gae,
373 308 522 350 statim
548 307 762 362 templum
788 319 983 347 uacuum
1011 304 1163 348 uidere
1188 304 1307 355 licet,
1334 304 1394 346 ita
1418 318 1519 346 curn
1544 303 1700 359 incipit
1718 304 1886 347 habere

251 385 515 428 concionem
541 384 585 425 in
609 382 760 425 uicino
783 382 966 437 oppido,
993 381 1133 423 mirus
1155 382 1205 423 fit
1229 382 1285 424 ad
1306 395 1409 425 eum
1435 381 1574 423 totius
1597 380 1749 436 populi
1770 395 1878 422 con-

251 476 428 505 cursus.
456 462 612 503 Frater
636 473 764 502 meus
787 473 889 502 eum
914 459 1050 502 habet
1073 457 1333 501 mirabiliter
1357 459 1561 510 charum;
1588 457 1786 513 quicum
1804 472 1884 499 nu-

253 554 328 595 per
351 539 395 580 in
415 545 618 581 extremo
638 536 760 578 uitae
779 535 979 590 periculo
1003 542 1278 586 uersaretur,
1304 549 1396 577 non
1421 534 1556 576 alium
1581 533 1784 576 adhiberi
1802 534 1885 576 sibi

255 615 429 671 petiuit,
456 620 632 669 praeter
656 612 797 664 illum;
825 618 868 654 et
891 627 946 655 ex
968 611 1066 654 eius
1089 611 1374 653 sermonibus
1392 624 1601 666 magnam
1621 610 1886 653 consolatio-

253 706 353 733 nem
372 689 638 745 accipiebat.

341 780 379 820 4.
446 766 549 809 Fuit
568 774 719 808 autem
740 765 871 807 ualde
891 771 1072 820 gratum
1099 778 1152 806 ea
1170 765 1338 820 legere,
1359 779 1475 819 quae
1498 765 1553 808 de
1577 779 1755 807 summo
1780 779 1888 820 pon-

255 845 373 888 tifice
397 843 562 899 scripta
586 842 704 885 misit
728 842 784 884 ad
809 857 879 885 me
905 842 954 886 P.
983 842 1038 884 V.
1067 840 1196 884 Faxit
1220 843 1345 885 Deus
1368 849 1416 883 ut
1440 841 1483 884 in
1509 841 1604 884 dies
1633 843 1759 897 plura
1788 856 1889 897 gra·

254 922 456 975 tioraque
479 933 759 975 cognoscere
784 919 932 962 liceat.

344 1009 384 1051 5.
453 995 636 1039 Memini
661 1010 730 1038 me
755 995 1030 1050 promittere,
1057 995 1178 1050 quod
1210 994 1430 1038 missurus
1453 1009 1597 1038 essem
1631 1001 1730 1057 acta
1754 1009 1885 1050 quae·

253 1074 353 1116 dam
380 1088 483 1115 cum
507 1072 866 1127 elbingensibus‚
894 1080 938 1114 et
964 1072 1171 1114 uolebam
1197 1071 1241 1113 in
1275 1085 1413 1114 unum
1445 1072 1709 1114 fasciculum
1739 1071 1891 1114 onmia

255 1150 423 1206 colligi,
457 1164 544 1205 quo
575 1164 667 1192 rem
701 1156 825 1191 tanto
849 1148 1009 1192 melius
1032 1149 1307 1204 exploratam
1333 1149 1501 1192 habere
1530 1156 1730 1204 possent,
1755 1148 1889 1191 etiam

256 1242 324 1282 ea,
350 1241 465 1282 quae
488 1234 593 1268 sunt
619 1234 717 1267 acta
741 1233 845 1268 ante
869 1240 1028 1281 annos,
1056 1226 1157 1280 plus
1181 1224 1347 1281 minus,
1380 1237 1444 1279 13.
1473 1226 1562 1269 Sed
1587 1225 1798 1280 quoniam
1822 1225 1890 1266 ni—

256 1304 340 1347 mis
361 1303 546 1359 grandis
571 1303 749 1345 futurus
771 1309 867 1344 erat
891 1303 1147 1355 fasciculus,
1168 1317 1220 1346 ea
1239 1303 1330 1344 sola
1352 1302 1568 1345 mittenda
1587 1316 1708 1344 nunc
1732 1302 1891 1358 putaui

258 1396 373 1437 quae
396 1388 501 1422 sunt
525 1387 623 1422 acta
646 1381 732 1421 hoc
756 1393 890 1421 anno.

346 1458 387 1500 6.
456 1459 524 1500 De
550 1459 682 1499 Patre
708 1456 914 1498 Emundo
932 1456 946 1475 ⁹
969 1463 1098 1511 grata
1118 1464 1223 1498 sunt
1247 1457 1489 1498 admodum
1510 1470 1629 1498 noua
1648 1470 1764 1511 quae
1787 1455 1891 1498 scri-

259 1535 339 1577 bit.
368 1534 503 1577 Dedit
527 1534 563 1575 is
586 1534 642 1576 ad
667 1547 736 1576 me
760 1533 924 1574 Tolosa
949 1533 1135 1585 litteras,
1163 1533 1328 1588 quibus
1357 1533 1491 1576 etiam
1529 1533 1752 1587 respondi.
1788 1534 1893 1575 Pre-

258 1612 429 1654 candus
452 1618 520 1655 est
550 1612 691 1660 Deus,
720 1617 768 1651 ut
792 1610 957 1651 multos
981 1610 1111 1652 nobis
1135 1611 1245 1653 tales
1269 1610 1344 1653 det
1374 1609 1617 1665 operarios.
1645 1610 1783 1665 Apud
1812 1624 1895 1651 nos

259 1689 422 1744 ingens
443 1695 510 1731 est
533 1701 687 1730 eorum
708 1685 908 1741 penuria.
934 1686 1193 1729 Perfectum
1213 1694 1362 1728 tamen
1387 1686 1439 1728 iri
1458 1701 1588 1742 spero
1612 1688 1800 1728 fratrum
1819 1701 1895 1729 ve-

258 1773 453 1807 strorum
477 1778 627 1819 opera,
655 1771 703 1806 ut
735 1777 818 1806 nec
851 1763 961 1804 mihi
985 1763 1148 1806 desint:
1177 1770 1282 1805 sunt
1305 1770 1428 1807 certe
1459 1763 1590 1806 ualde
1622 1763 1886 1807 necessarii.

260 1843 385 1897 Opto
405 1843 452 1884 P.
482 1842 540 1884 V.
566 1840 643 1882 diu
668 1841 781 1882 bene
810 1841 974 1883 ualere.
1004 1842 1169 1882 Datum
1194 1854 1249 1882 ex
1273 1847 1422 1882 castro
1446 1847 1601 1882 nostro
1622 1840 1897 1895 Heilspergk

260 1944 317 1949 -
339 1943 395 1950 -—
413 1918 536 1974 Julii,
565 1918 622 1961 A.
652 1918 707 1959 D.
741 1917 869 1970 1566.
906 1918 1060 1960 Frater
1086 1916 1129 1958 in
1155 1917 1360 1960 Christo.

349 1996 418 2037 De
441 1994 624 2038 Simone
649 1993 756 2047 quid
783 2002 936 2047 postea
957 1994 1124 2035 factum
1150 1993 1224 2045 sit,
1246 2008 1299 2036 ex
1327 1995 1379 2038 R.
1410 1995 1462 2038 P.
1488 1993 1716 2036 Francisci
1740 1993 1899 2035 litteris

260 2080 523 2127 cognoscet.
553 2070 743 2113 Videtur
767 2084 865 2111 esse
889 2070 972 2112 Dei
997 2070 1156 2124 spiritu
1180 2070 1440 2125 destitutus,
1467 2084 1583 2125 quae
1607 2085 1678 2113 res
1701 2085 1788 2112 non
1810 2085 1898 2112 rne-

260 2148 458 2190 diocrem
479 2147 628 2189 animo
647 2161 746 2189 meo
765 2147 1015 2188 cruciatum
1035 2147 1196 2191 adfert.
1221 2148 1321 2190 Non
1342 2148 1500 2190 dubito
1517 2148 1624 2202 quin
1644 2147 1729 2189 iam
1750 2147 1899 2189 isthuc

264 2224 518 2280 peruenerit
544 2225 607 2268 [ll.
635 2223 772 2268 Card.
805 2224 1189 2266 Commendonus.
1218 2225 1404 2279 Quaeso
1430 2239 1505 2279 per
1536 2223 1821 2266 occasionem
1854 2232 1899 2264 vt

264 2315 367 2344 eum
399 2301 582 2344 nomine
615 2314 714 2343 meo
747 2300 926 2349 salutet,
963 2300 1094 2341 simul
1132 2307 1178 2342 ut
1214 2301 1419 2355 promissi
1455 2316 1623 2343 memor
1657 2301 1730 2355 sit,
1763 2300 1818 2342 ab
1848 2315 1901 2342 eo

267 2385 407 2433 petat.

689 2455 991 2497 STANISLAUS
1022 2467 1310 2497 CARDINALIS
1348 2467 1658 2498 VARMIENSIS.

354 2531 612 2586 Inscriptio.
639 2531 750 2573 Rdo.
783 2530 916 2581 Patri,
939 2530 1121 2572 domino
1133 2530 1297 2586 Joanni
1325 2531 1538 2587 Polaneo,
1562 2532 1614 2575 S.
1641 2530 1900 2587 theologiae

267 2607 458 2657 doctori,
484 2606 724 2650 Societatis
738 2608 847 2663 Jesu
872 2605 1157 2658 cancellario,
1186 2606 1316 2649 nobis
1341 2607 1385 2648 in
1409 2608 1562 2650 Cristo
1581 2607 1823 2651 charisimo
1858 2614 1903 2651 et

268 2684 553 2725 honorando.

338 2844 352 2863 ⁹
402 2846 443 2879 P.
465 2846 689 2881 Edmundus
711 2847 921 2891 Augerius.
