1971 3276
577 216 717 250 EP1s⁷r.
753 216 898 249 128⁴—1
926 214 1128 260 JANUARH
1160 215 1247 258 1567
1617 215 1684 257 617

101 320 266 371 locent,
301 331 403 360 cum
438 316 635 367 nouitiis,
678 315 912 371 impetrata
946 330 970 357 a
1003 315 1309 370 superioribus
1348 314 1495 364 uenia,
1539 320 1725 369 ponant:

103 409 236 449 quam
262 408 353 437 rem
378 393 461 435 sibi
487 393 698 447 prodesse
724 391 933 434 uidelicet
956 391 1176 433 sentiunt.
1203 391 1403 433 Tametsi
1426 390 1593 444 ubique
1616 389 1728 431 anti-

105 472 282 526 quiores
306 470 455 521 etiam,
481 469 611 510 simili
645 469 781 510 ferme
806 467 1091 509 relaxationis
1119 482 1287 522 genere
1319 473 1521 518 utuntur,
1557 465 1733 507 institu-

107 556 199 589 tum
238 554 305 588 est
345 555 493 588 tamen
531 552 580 587 ut
612 544 869 599 uespertina
900 543 1126 586 relationis
1155 543 1379 585 semihora
1414 542 1658 597 posteriore
1690 540 1734 582 in

108 638 245 666 unum
279 623 535 666 sacerdotes
558 635 717 664 omnes
741 619 1030 674 theologique
1053 619 1342 662 conueniant.
1380 620 1496 660 Tum
1522 625 1735 671 quattuor

105 702 161 744 de
182 699 458 742 conscientia
482 697 794 753 questionibus
816 696 872 738 ab
891 696 1039 750 aliquo
1063 696 1118 738 ad
1137 710 1234 738 earn
1260 710 1351 738 rem
1376 695 1613 749 designato
1639 707 1735 748 pro—

108 776 442 831 positis,earum
462 774 653 829 singulis
673 773 871 828 quotidie
891 772 1056 826 singuli
1075 772 1228 814 biniue
1248 772 1537 826 respondent.
1555 772 1594 812 Is
1613 769 1733 812 dein-

106 853 160 894 de
183 852 259 905 qui
291 851 526 906 praesidet,
553 850 620 891 vir
643 850 687 891 in
718 851 803 890 hoc
833 863 1001 901 genere
1033 847 1449 898 exercitatissimus,
1477 854 1614 888 totam
1642 861 1733 888 rem

109 928 273 971 decidit
297 942 348 969 ac
373 927 545 970 statuit.
573 927 646 969 Ad
670 940 910 979 summam,
936 925 1069 966 ualde
1096 925 1210 967 bene
1234 924 1411 978 collegii
1437 938 1506 965 res
1530 923 1740 978 spiritalis

111 1004 326 1059 procedit3
369 1017 551 1058 prorsus
594 1010 640 1045 ut
680 1015 910 1056 nunquam
964 1007 1097 1043 antea
1142 1000 1318 1051 melius,
1360 1014 1505 1054 neque
1553 1001 1740 1041 fortasse

109 1095 251 1135 aeque
284 1081 414 1123 bene.
453 1081 601 1134 Quam
637 1079 691 1120 ad
726 1092 817 1119 rem
855 1079 966 1118 haec
1000 1076 1274 1118 nouitiorum
1307 1076 1497 1119 secretio
1529 1075 1740 1117 momenti

112 1158 350 1212 plurimum
376 1156 539 1198 attulit.

206 1246 271 1286 14.
340 1235 386 1274 In
405 1224 642 1275 iteratione
661 1240 869 1273 uotorum
892 1231 1017 1273 initio
1042 1230 1147 1272 anni
1165 1237 1209 1271 et
1228 1229 1349 1271 circa
1373 1228 1588 1280 medium,
1615 1227 1743 1268 item-

113 1325 199 1366 que
223 1309 549 1352 autumnalium
575 1308 862 1350 uacationum
887 1308 1062 1362 diebus,
1098 1296 1216 1348 noua
1249 1305 1642 1347 mortificationum
1668 1317 1742 1357 ge-

115 1402 236 1440 nera,
262 1397 355 1428 tum
387 1402 411 1429 a
440 1385 646 1440 summis,
675 1393 768 1426 tum
796 1400 820 1426 a
852 1384 1051 1438 reliquis,
1078 1383 1351 1437 excogitata,
1378 1388 1422 1424 et
1453 1396 1618 1435 magna
1642 1394 1743 1421 curn

115 1464 249 1505 animi
279 1463 511 1505 alacritate
541 1469 760 1516 usurpata
792 1469 915 1512 sunt,
943 1468 1121 1515 praeter
1151 1459 1282 1501 solita
1314 1458 1357 1499 in
1391 1458 1581 1512 publicis
1613 1456 1747 1498 Vrbis

116 1539 473 1591 ualetudinariis,
492 1538 840 1592 domesticisque
861 1538 995 1580 rebus
1014 1536 1272 1578 humillimis
1291 1534 1552 1585 ministeria,
1572 1547 1745 1574 necnon

117 1616 433 1659 meditationes
457 1615 679 1670 spiritales
702 1623 745 1657 et
772 1613 1175 1669 peregrinationes,
1200 1613 1304 1667 Quo
1323 1612 1366 1652 in
1387 1624 1553 1665 genere
1573 1609 1706 1650 unius
1723 1622 1748 1649 e

118 1693 339 1748 supremis
369 1691 634 1734 doctoribus
666 1691 936 1746 praecipuus
964 1689 1099 1731 animi
1137 1689 1317 1743 quidam
1357 1688 1487 1730 ardor
1522 1685 1745 1741 apparuit;

119 1769 193 1824 qui
222 1783 408 1824 corpore
439 1769 569 1810 ualde
600 1767 826 1818 inbecillo,
859 1773 1069 1820 suscepta
1100 1767 1332 1807 lauretana
1368 1762 1745 1818 peregrinatione,

120 1846 286 1888 firmior
314 1845 447 1888 etiam
480 1859 613 1899 quam
639 1844 927 1898 discesserat,
954 1850 1129 1897 praeter
1159 1841 1359 1883 omnium
1392 1838 1750 1894 expectationem

120 1937 328 1965 reuersus
351 1929 434 1964 est.
465 1921 646 1976 Quibus
677 1920 905 1963 seniorum
931 1918 1149 1973 exemplis
1179 1918 1291 1960 adeo
1315 1915 1529 1958 commoti
1554 1922 1657 1956 sunt
1682 1928 1751 1956 ce-

121 1998 219 2050 teri,
249 2006 295 2040 ut
320 1998 488 2053 primus
505 1998 578 2039 ille
598 1998 747 2041 feruor
765 1996 1004 2040 Societatis
1028 1995 1362 2049 quodammodo
1386 2000 1632 2034 renouatus
1655 2005 1754 2034 esse

124 2074 345 2118 uideatur.
373 2075 474 2116 Non
500 2072 782 2116 mediocriter
805 2072 938 2114 etiam
967 2071 1112 2114 Patris
1138 2070 1277 2112 nostri
1303 2068 1530 2124 generalis
1549 2066 1757 2108 lustratio

122 2164 173 2192 ac
191 2150 424 2205 diligentia
443 2150 626 2205 profuit,
642 2149 717 2203 qui
736 2149 781 2190 in
799 2163 850 2191 ea
870 2163 918 2191 re
936 2149 1088 2190 decern
1110 2147 1230 2201 ipsos
1248 2145 1342 2189 dies
1361 2145 1477 2186 intra
1493 2143 1752 2197 collegium,

123 2234 165 2269 et
189 2226 380 2281 singulis
404 2225 612 2281 priuatim
637 2224 938 2279 excutiendis,
965 2231 1009 2266 et
1033 2223 1164 2265 simul
1191 2221 1414 2263 uniuersis
1438 2218 1688 2261 animandis
1711 2224 1756 2258 et

124 2302 411 2345 cohortandis
430 2302 687 2356 insumpsit.

220 2389 285 2432 15.
353 2380 533 2433 Septem
569 2393 593 2420 e
631 2377 824 2432 collegio
863 2377 918 2418 ad
957 2373 1195 2418 sacerdotii
1226 2375 1416 2426 gradum
1451 2371 1597 2414 euecti
1632 2378 1753 2412 sunt:

127 2456 219 2498 PP.
250 2456 441 2509 Prosper
466 2455 724 2504 Malauolta,
744 2455 946 2509 Joarmes
973 2452 1228 2494 Bernardus
1252 2449 1421 2500 Maiza,
1449 2448 1758 2500 Hieronymus

127 2531 363 2582 Surianus,
390 2530 621 2572 Antonius
643 2529 918 2582 Genuensis,
944 2528 1256 2570 Ferdinandus
1282 2525 1507 2576 Afflictus,
1532 2523 1756 2576 Hierony-

128 2622 227 2649 mus
258 2608 490 2662 Vanegas,
516 2608 720 2662 Joarmes
747 2605 1012 2648 Dominicus
1043 2604 1264 2654 Candela;
1296 2601 1371 2643 alii
1404 2607 1634 2655 praeterea
1660 2598 1759 2639 aliis

128 2683 267 2725 sacris
290 2682 522 2725 ordinibus
545 2689 651 2724 sunt
676 2681 904 2736 adscripti.

224 2760 289 2802 16.
354 2759 615 2802 Studiorum
655 2772 850 2813 quoque,
891 2759 976 2799 hoc
1016 2770 1132 2798 anno
1177 2754 1415 2797 MDLXVI
1463 2752 1549 2794 iam
1590 2752 1759 2805 elapso,

129 2849 288 2878 cursus
311 2835 458 2879 extitit
482 2835 600 2877 felix.
629 2833 918 2877 Autumnalis
942 2831 1175 2875 renouatio
1199 2831 1427 2873 celebrata
1461 2835 1529 2871 est
1552 2828 1634 2870 XII
1669 2827 1756 2870 kal.

130 2912 416 2963 Nouembris;
448 2912 526 2953 sed
560 2913 744 2966 posthac
784 2909 1003 2951 maturius
1032 2908 1165 2950 etiam
1197 2905 1398 2949 fortassis
1436 2903 1757 2948 celebrabitur.

130 2988 394 3031 Scholastici
428 2988 589 3030 artium
625 2987 742 3030 tertii
780 2985 991 3028 curriculi
1031 2999 1135 3026 suas
1167 2982 1356 3037 quisque
1388 2980 1553 3023 theseis
1587 2979 1763 3034 publice
