1971 3276
680 293 818 328 E121ST.
840 292 1040 336 37.—-1554
1586 301 1630 336 97

52 412 135 439 nos
157 412 181 438 a
205 396 331 438 todos
348 397 454 452 Jhu.
482 396 597 450 Xpo.
625 395 753 436 salud
775 409 803 449 y
823 393 924 436 vida
947 393 1014 435 sin
1039 394 1114 436 fin.
1136 395 1202 435 De
1227 394 1367 436 Roma
1392 406 1445 435 20
1465 394 1519 437 de
1542 394 1675 437 Ottu-

55 475 133 517 bre
161 483 285 526 1554.

144 549 398 604 Inscriptio.
422 548 480 591 Al
503 561 672 590 mesmo
690 546 967 603 [Astudillo].

355 771 694 808 PROVIDENDA
723 770 855 807 DOMI
884 771 948 804 ET
976 770 1151 805 EXTRA
1181 770 1357 806 URBEM

716 863 861 889 ROMAE
885 863 971 898 1554
993 855 1018 890 ¹.

382 952 443 981 DE
467 951 527 981 LO
551 952 646 989 QUE
670 951 765 980 ΗΑΥ
791 951 850 980 ΕΝ
873 951 991 980 CASA
1016 951 1112 988 QUE
1138 951 1356 980 PROVEER

147 1039 362 1081 Primero.
431 1040 498 1081 En
528 1039 569 1080 10
598 1037 843 1093 espiritual,
878 1052 964 1092 que
992 1052 1040 1080 se
1070 1038 1243 1081 tuviese
1277 1042 1371 1080 mas
1404 1046 1568 1082 cuenta
1598 1053 1684 1080 con

58 1117 126 1159 los
154 1116 435 1170 coadjutores
465 1129 552 1169 que
581 1129 639 1156 no
662 1116 806 1156 hacen
831 1114 876 1155 ni
906 1115 995 1156 han
1019 1115 1165 1156 hecho
1194 1114 1442 1171 ejercicios,
1469 1129 1496 1169 y
1529 1129 1686 1170 parece

63 1192 214 1236 tienen
238 1191 423 1247 espiritu
447 1206 554 1246 muy
578 1191 727 1245 seglar
749 1205 777 1245 y
802 1205 859 1232 no
881 1190 1072 1232 edifican
1097 1197 1221 1233 tanto
1244 1191 1300 1233 de
1324 1191 1449 1234 fuera
1475 1190 1506 1235 ².

150 1281 192 1312 2.
258 1270 325 1310 En
342 1269 385 1310 lo
404 1283 491 1324 que
510 1276 611 1311 toea
629 1283 654 1310 a
677 1268 977 1317 confesiones,
999 1281 1087 1321 que
1110 1282 1158 1310 se
1182 1268 1293 1309 mire
1314 1281 1342 1322 y
1365 1267 1613 1311 determine
1631 1282 1686 1310 en

62 1346 104 1387 lo
126 1359 214 1399 que
238 1353 337 1388 toca
359 1361 382 1388 a
407 1360 534 1388 casos
558 1345 837 1388 reservados.

153 1435 192 1475 3.
262 1421 327 1464 En
351 1421 391 1464 la
414 1421 571 1477 iglesia
595 1435 682 1475 que
709 1422 826 1475 haya
856 1421 1055 1463 recaudo
1083 1421 1139 1463 de
1169 1421 1427 1462 confesores
1460 1421 1692 1463 bastantes

69 1512 123 1541 en
142 1501 330 1540 numero
351 1513 379 1552 y
403 1497 679 1541 suficiencia.

151 1587 193 1627 4.
261 1576 364 1629 900
397 1589 445 1617 50
479 1588 639 1629 provea
672 1575 807 1628 quien
841 1579 1008 1617 ensefie
1043 1574 1083 1614 la
1115 1573 1317 1614 doctrina
1350 1572 1592 1614 christiana
1627 1573 1692 1614 los

64 1652 159 1694 dias
182 1665 270 1706 que
292 1652 415 1702 solia,
442 1665 528 1705 que
551 1653 688 1693 ahora
712 1665 771 1692 no
794 1653 882 1705 hay
907 1650 1041 1705 quien
1072 1651 1115 1691 10
1139 1650 1273 1705 haga.

155 1739 194 1782 5.
262 1729 325 1770 La
348 1728 642 1771 exhortacion
671 1728 740 1770 del
764 1727 941 1769 viernes
970 1741 1017 1769 50
1046 1729 1103 1769 113
1126 1726 1301 1781 dejado,
1329 1727 1476 1769 donde
1506 1727 1689 1781 podrian
1738 1765 1742 1768 .

65 1805 129 1846 105
162 1812 369 1846 nuestros
401 1807 467 1845 oir
499 1818 627 1846 cosas
655 1805 910 1847 conformes
938 1818 964 1845 3
997 1810 1179 1845 nuestra
1211 1803 1452 1858 profesffm,
1485 1817 1512 1857 y
1551 1811 1692 1845 tomar

66 1881 237 1922 buenos
260 1881 557 1923 documentos
580 1881 645 1922 105
669 1880 888 1923 novicios.
1221 1865 1224 1868 .

136 2022 143 2039 ¹
198 2021 253 2055 Ex
272 2021 405 2056 codice
425 2022 678 2056 Miscellanea
698 2023 745 2056 de
767 2022 930 2067 Regalis
946 2022 1152 2056 Societatis
1163 2021 1271 2068 Jeszc.
1295 2022 1354 2057 Cf.
1374 2034 1408 2056 n.
1431 2022 1488 2066 32,
1507 2028 1635 2057 annot.
1660 2030 1687 2055 Ι.

62 2078 363 2125 Commentaria,
392 2092 489 2126 quae
518 2081 555 2115 in
583 2082 653 2115 hoc
681 2093 841 2115 numero
868 2080 1018 2125 damus,
1049 2092 1162 2115 manu
1191 2081 1334 2115 librarii
1363 2081 1519 2116 Polanci
1548 2082 1690 2126 scripta

64 2144 164 2173 sunt.
199 2139 492 2182 Subscriptione
519 2145 558 2174 et
586 2140 770 2185 temporis
799 2140 997 2175 notatione
1024 2146 1169 2175 carent.
1202 2140 1254 2174 Ea
1282 2152 1374 2174 vero
1402 2140 1559 2175 Polanci
1590 2151 1689 2180 esse,

7 2200 11 2204 '
65 2196 145 2242 ipsa
163 2198 317 2232 dicendi
336 2198 432 2233 ratio
453 2199 606 2233 videtur
625 2199 843 2234 ostendere.
864 2199 1014 2244 Scripta
1034 2211 1121 2234 esse
1142 2211 1241 2234 anno
1261 2208 1349 2243 1554
1366 2199 1614 2234 manifestum
1636 2199 1688 2242 fit,

62 2256 95 2290 si
112 2267 310 2302 compares
330 2263 472 2292 statum
492 2258 743 2302 collegiorum
763 2259 886 2305 qualis
906 2259 966 2292 hic
985 2258 1231 2302 describitur,
1249 2269 1334 2294 cum
1355 2270 1400 2292 eo
1419 2270 1534 2304 quem
1550 2258 1691 2293 descri-

67 2315 139 2359 psit
158 2316 347 2351 Polancus
367 2306 404 2351 in
426 2317 588 2358 Chron„
610 2317 677 2352 IV.
694 2318 805 2363 9030
821 2318 859 2352 in
875 2317 995 2363 prima
1012 2323 1117 2362 parte
1132 2318 1392 2358 continentur,
1411 2317 1590 2352 videntur
1606 2328 1692 2351 esse

64 2374 331 2409 annotationes
356 2375 403 2409 ad
429 2376 594 2421 aliquam
620 2376 944 2411 consultationem
969 2375 1019 2409 de
1046 2376 1259 2410 domestica
1286 2375 1489 2420 disciplina
1516 2376 1692 2410 severius

67 2432 268 2477 exigenda.
293 2434 513 2469 Notandum
534 2435 649 2469 etiarn
669 2441 728 2469 est
745 2435 976 2481 praecedere
993 2435 1030 2469 in
1050 2435 1184 2469 eodem
1200 2434 1333 2469 codice
1353 2434 1429 2468 duo
1445 2435 1516 2468 alia
1533 2435 1691 2479 scripta,

67 2492 102 2525 in
122 2492 262 2537 quibus
282 2494 388 2537 plura
407 2493 466 2527 his
486 2493 624 2528 similia
642 2494 902 2529 continentur.
924 2494 967 2528 In
989 2494 1108 2539 primo
1129 2495 1200 2528 sub
1221 2494 1346 2528 titulo:
1372 2493 1474 2527 Casa
1489 2494 1535 2527 de
1551 2494 1692 2539 proba-

67 2551 154 2588 ειόἠΔ
170 2564 216 2586 en
236 2552 275 2586 la
295 2556 401 2587 torre
423 2564 544 2594 rossa,
568 2559 832 2599 proponuntur
856 2555 982 2600 aliqua
1002 2560 1067 2588 aut
1086 2553 1326 2598 corrigenda,
1347 2560 1412 2588 aut
1438 2552 1689 2595 immutanda,

65 2614 130 2643 aut
147 2612 321 2645 exactius
342 2611 578 2656 procuranda
597 2613 698 2647 circa
721 2612 972 2647 domesticam
992 2612 1248 2657 disciplinam3
1270 2612 1307 2646 in
1335 2614 1457 2647 altero
1481 2614 1554 2647 sub
1580 2612 1692 2646 titulo

74 2668 340 2704 Nesoluciones
357 2671 402 2704 de
421 2670 461 2704 Za
480 2671 657 2706 consulta
676 2672 783 2706 sobre
799 2672 839 2705 la
858 2672 980 2705 orden
1000 2672 1045 2705 de
1061 2672 1100 2704 la
1121 2683 1226 2711 casa,
1247 2682 1345 2716 quae
1366 2671 1402 2705 in
1422 2671 1543 2716 primo
1561 2682 1693 2716 propo-

69 2727 140 2761 sita
157 2734 259 2771 sunt,
280 2728 522 2773 deciduntur,
544 2736 609 2764 aut
627 2730 840 2764 decidenda
860 2735 1107 2765 reservantur
1130 2730 1168 2764 Ρ.
1191 2731 1355 2774 Ignatio.
1373 2730 1470 2765 Cum
1488 2736 1692 2775 utrumque

68 2786 114 2820 ad
133 2786 169 2821 id
189 2793 340 2833 tempus
360 2789 552 2833 pertinere
573 2789 760 2833 videatur,
783 2791 1050 2824 exscribemus
1077 2801 1123 2823 ex
1143 2791 1265 2824 altero
1285 2789 1400 2835 (quod
1424 2791 1547 2825 Resol.
1576 2790 1691 2826 Cous.

72 2847 404 2892 nuncupabimus),
427 2860 483 2892 ea,
504 2860 601 2894 quae
621 2849 814 2894 praesenti
837 2854 1086 2883 monumento
1106 2850 1230 2883 lucem
1257 2849 1396 2883 afferre
1417 2855 1610 2894 poterunt.

139 2906 151 2925 ²
203 2907 329 2944 Resol.
353 2907 483 2950 Cons.‚
509 2907 565 2945 n.⁰
589 2918 622 2952 9:
647 2907 753 2952 «Que
772 2909 897 2953 hagan
917 2910 973 2942 los
993 2908 1194 2953 ejercicios
1221 2909 1276 2942 los
1296 2920 1369 2954 que
1389 2920 1436 2942 no
1457 2910 1510 2943 105
1531 2910 1603 2943 11311
1623 2910 1689 2943 110-

71 2964 177 2998 0110.»
200 2966 245 3000 Et
263 2965 300 3000 in
320 2978 356 3003 11.
379 2975 434 3000 22:
457 2966 531 3001 «Se
550 2967 624 3001 den
650 2967 849 3012 ejercicios
869 2979 916 3001 en
936 2979 1024 3001 casa
1043 2979 1063 3001 a
1090 2969 1146 3001 los
1164 2979 1238 3013 que
1259 2979 1307 3002 no
1329 2969 1384 3001 los
1411 2968 1484 3002 han
1511 2969 1646 3006 hecho,
1669 2980 1692 3013 y

72 3034 112 3056 se
131 3023 314 3068 ejerciten
334 3037 381 3059 en
401 3025 526 3060 darlos
545 3027 721 3071 algun083
742 3038 766 3072 y
786 3027 956 3061 tambien
977 3037 996 3060 a
1016 3027 1071 3060 los
1090 3025 1137 3060 de
1164 3026 1270 3060 fuera
1290 3038 1330 3060 se
1350 3026 1438 3071 den3
1460 3038 1484 3071 y
1503 3028 1694 3061 consulte-

72 3092 113 3115 se
133 3084 304 3118 tambie'n
325 3084 356 3118 si
375 3096 416 3118 se
435 3084 552 3119 daran
573 3097 619 3119 en
640 3097 728 3119 casa
748 3085 981 3130 ejercicios.»

213 3147 362 3175 PonAch
384 3155 639 3176 COMPLEMEMA
