<?xml version="1.0" encoding="UTF-8"?>
<!DOCTYPE html PUBLIC "-//W3C//DTD XHTML 1.0 Transitional//EN"
    "http://www.w3.org/TR/xhtml1/DTD/xhtml1-transitional.dtd">
<html xmlns="http://www.w3.org/1999/xhtml" xml:lang="en" lang="en">
 <head>
  <title>
</title>
<meta http-equiv="Content-Type" content="text/html;charset=utf-8" />
  <meta name='ocr-system' content='tesseract 3.04.00' />
  <meta name='ocr-capabilities' content='ocr_page ocr_carea ocr_par ocr_line ocrx_word'/>
</head>
<body>
  <div class='ocr_page' id='page_1' title='image "./polancicomplemen06pola_0514.png"; bbox 0 0 1971 3276; ppageno 0'>
   <div class='ocr_carea' id='block_1_1' title="bbox 284 204 1315 251">
    <p class='ocr_par' dir='ltr' id='par_1_1' title="bbox 284 204 1315 251">
     <span class='ocr_line' id='line_1_1' title="bbox 284 204 1315 251; baseline -0.006 -11"><span class='ocrx_word' id='word_1_1' title='bbox 284 215 352 251; x_wconf 78' lang='lat'>472</span> <span class='ocrx_word' id='word_1_2' title='bbox 790 204 973 238; x_wconf 78' lang='lat' dir='ltr'>POLANcl</span> <span class='ocrx_word' id='word_1_3' title='bbox 1000 210 1315 237; x_wconf 79' lang='lat' dir='ltr'><strong>COMPLEMENTA</strong></span> 
     </span>
    </p>
   </div>
   <div class='ocr_carea' id='block_1_2' title="bbox 239 299 1876 2883">
    <p class='ocr_par' dir='ltr' id='par_1_2' title="bbox 239 299 1840 359">
     <span class='ocr_line' id='line_1_2' title="bbox 239 299 1840 359; baseline -0.006 -9"><span class='ocrx_word' id='word_1_4' title='bbox 239 315 309 350; x_wconf 87' lang='lat' dir='ltr'>tae</span> <span class='ocrx_word' id='word_1_5' title='bbox 340 306 581 348; x_wconf 86' lang='lat' dir='ltr'>multorum</span> <span class='ocrx_word' id='word_1_6' title='bbox 612 304 847 359; x_wconf 76' lang='lat' dir='ltr'>generales</span> <span class='ocrx_word' id='word_1_7' title='bbox 875 310 919 345; x_wconf 92' lang='lat' dir='ltr'>et</span> <span class='ocrx_word' id='word_1_8' title='bbox 949 302 1100 356; x_wconf 83' lang='lat' dir='ltr'>magni</span> <span class='ocrx_word' id='word_1_9' title='bbox 1132 301 1345 345; x_wconf 85' lang='lat' dir='ltr'>momenti</span> <span class='ocrx_word' id='word_1_10' title='bbox 1374 300 1699 351; x_wconf 88' lang='lat' dir='ltr'>confessiones,</span> <span class='ocrx_word' id='word_1_11' title='bbox 1733 299 1840 341; x_wconf 90' lang='lat' dir='ltr'>mini</span> 
     </span>
    </p>

    <p class='ocr_par' dir='ltr' id='par_1_3' title="bbox 239 376 1873 1506">
     <span class='ocr_line' id='line_1_3' title="bbox 241 376 1871 432; baseline -0.006 -6"><span class='ocrx_word' id='word_1_12' title='bbox 241 391 379 426; x_wconf 90' lang='lat' dir='ltr'>strata</span> <span class='ocrx_word' id='word_1_13' title='bbox 411 388 707 432; x_wconf 83' lang='lat' dir='ltr'>sacramenta3</span> <span class='ocrx_word' id='word_1_14' title='bbox 735 394 816 422; x_wconf 89' lang='lat' dir='ltr'>nec</span> <span class='ocrx_word' id='word_1_15' title='bbox 846 380 889 420; x_wconf 93' lang='lat' dir='ltr'>id</span> <span class='ocrx_word' id='word_1_16' title='bbox 920 380 1065 421; x_wconf 89' lang='lat' dir='ltr'>solum</span> <span class='ocrx_word' id='word_1_17' title='bbox 1099 379 1238 432; x_wconf 91' lang='lat' dir='ltr'>domi,</span> <span class='ocrx_word' id='word_1_18' title='bbox 1270 380 1349 421; x_wconf 90' lang='lat' dir='ltr'>sed</span> <span class='ocrx_word' id='word_1_19' title='bbox 1383 378 1516 420; x_wconf 90' lang='lat' dir='ltr'>etiam</span> <span class='ocrx_word' id='word_1_20' title='bbox 1553 377 1674 426; x_wconf 90' lang='lat' dir='ltr'>foris,</span> <span class='ocrx_word' id='word_1_21' title='bbox 1711 376 1871 417; x_wconf 89' lang='lat' dir='ltr'>morbo</span> 
     </span>
     <span class='ocr_line' id='line_1_4' title="bbox 242 452 1869 515; baseline -0.004 -14"><span class='ocrx_word' id='word_1_22' title='bbox 242 459 499 515; x_wconf 87' lang='lat' dir='ltr'>praesertim</span> <span class='ocrx_word' id='word_1_23' title='bbox 539 457 727 507; x_wconf 86' lang='lat' dir='ltr'>affectis,</span> <span class='ocrx_word' id='word_1_24' title='bbox 769 470 881 510; x_wconf 89' lang='lat' dir='ltr'>quos</span> <span class='ocrx_word' id='word_1_25' title='bbox 916 455 984 510; x_wconf 86' lang='lat' dir='ltr'>pia</span> <span class='ocrx_word' id='word_1_26' title='bbox 1015 464 1271 497; x_wconf 89' lang='lat' dir='ltr'>nostrorum</span> <span class='ocrx_word' id='word_1_27' title='bbox 1300 453 1522 508; x_wconf 89' lang='lat' dir='ltr'>colloquia</span> <span class='ocrx_word' id='word_1_28' title='bbox 1553 454 1623 496; x_wconf 91' lang='lat' dir='ltr'>uel</span> <span class='ocrx_word' id='word_1_29' title='bbox 1654 454 1709 495; x_wconf 90' lang='lat' dir='ltr'>ad</span> <span class='ocrx_word' id='word_1_30' title='bbox 1739 452 1869 494; x_wconf 90' lang='lat' dir='ltr'>beate</span> 
     </span>
     <span class='ocr_line' id='line_1_5' title="bbox 240 528 1868 588; baseline -0.006 -11"><span class='ocrx_word' id='word_1_31' title='bbox 240 536 537 588; x_wconf 87' lang='lat' dir='ltr'>moriendum,</span> <span class='ocrx_word' id='word_1_32' title='bbox 561 534 631 576; x_wconf 92' lang='lat' dir='ltr'>uel</span> <span class='ocrx_word' id='word_1_33' title='bbox 650 534 705 575; x_wconf 91' lang='lat' dir='ltr'>ad</span> <span class='ocrx_word' id='word_1_34' title='bbox 724 546 1054 586; x_wconf 88' lang='lat' dir='ltr'>quemcumque</span> <span class='ocrx_word' id='word_1_35' title='bbox 1071 532 1270 573; x_wconf 90' lang='lat' dir='ltr'>dolorem</span> <span class='ocrx_word' id='word_1_36' title='bbox 1290 546 1451 585; x_wconf 88' lang='lat' dir='ltr'>aequO,</span> <span class='ocrx_word' id='word_1_37' title='bbox 1475 529 1753 585; x_wconf 88' lang='lat' dir='ltr'>patientique</span> <span class='ocrx_word' id='word_1_38' title='bbox 1774 528 1868 570; x_wconf 75' lang='lat' dir='ltr'>ani·</span> 
     </span>
     <span class='ocr_line' id='line_1_6' title="bbox 241 605 1866 662; baseline -0.006 -8"><span class='ocrx_word' id='word_1_39' title='bbox 241 627 313 654; x_wconf 91' lang='lat' dir='ltr'>mo</span> <span class='ocrx_word' id='word_1_40' title='bbox 338 612 569 654; x_wconf 88' lang='lat' dir='ltr'>ferendum</span> <span class='ocrx_word' id='word_1_41' title='bbox 591 610 805 652; x_wconf 85' lang='lat' dir='ltr'>excitant.</span> <span class='ocrx_word' id='word_1_42' title='bbox 833 610 952 651; x_wconf 89' lang='lat' dir='ltr'>Sane</span> <span class='ocrx_word' id='word_1_43' title='bbox 977 623 1100 659; x_wconf 87' lang='lat' dir='ltr'>uero,</span> <span class='ocrx_word' id='word_1_44' title='bbox 1127 623 1182 650; x_wconf 88' lang='lat' dir='ltr'>ex</span> <span class='ocrx_word' id='word_1_45' title='bbox 1207 608 1408 662; x_wconf 85' lang='lat' dir='ltr'>pluribus</span> <span class='ocrx_word' id='word_1_46' title='bbox 1438 607 1513 661; x_wconf 92' lang='lat' dir='ltr'>qui</span> <span class='ocrx_word' id='word_1_47' title='bbox 1545 608 1698 649; x_wconf 86' lang='lat' dir='ltr'>foedas</span> <span class='ocrx_word' id='word_1_48' title='bbox 1721 614 1766 647; x_wconf 90' lang='lat' dir='ltr'>et</span> <span class='ocrx_word' id='word_1_49' title='bbox 1788 605 1866 646; x_wconf 90' lang='lat' dir='ltr'>im-</span> 
     </span>
     <span class='ocr_line' id='line_1_7' title="bbox 240 684 1868 739; baseline -0.004 -8"><span class='ocrx_word' id='word_1_50' title='bbox 240 702 395 731; x_wconf 82' lang='lat' dir='ltr'>manes</span> <span class='ocrx_word' id='word_1_51' title='bbox 415 686 597 730; x_wconf 90' lang='lat' dir='ltr'>uiuendi</span> <span class='ocrx_word' id='word_1_52' title='bbox 617 686 811 728; x_wconf 88' lang='lat' dir='ltr'>rationes</span> <span class='ocrx_word' id='word_1_53' title='bbox 835 685 905 726; x_wconf 85' lang='lat' dir='ltr'>his</span> <span class='ocrx_word' id='word_1_54' title='bbox 928 685 1067 726; x_wconf 89' lang='lat' dir='ltr'>adiuti</span> <span class='ocrx_word' id='word_1_55' title='bbox 1087 684 1318 739; x_wconf 76' lang='lat' dir='ltr'>praesidiis</span> <span class='ocrx_word' id='word_1_56' title='bbox 1336 685 1630 738; x_wconf 87' lang='lat' dir='ltr'>reliquerunt,</span> <span class='ocrx_word' id='word_1_57' title='bbox 1652 684 1767 725; x_wconf 90' lang='lat' dir='ltr'>duae</span> <span class='ocrx_word' id='word_1_58' title='bbox 1791 696 1868 724; x_wconf 83' lang='lat' dir='ltr'>ex-</span> 
     </span>
     <span class='ocr_line' id='line_1_8' title="bbox 242 759 1868 816; baseline -0.005 -9"><span class='ocrx_word' id='word_1_59' title='bbox 242 766 372 808; x_wconf 89' lang='lat' dir='ltr'>titere</span> <span class='ocrx_word' id='word_1_60' title='bbox 396 766 590 806; x_wconf 76' lang='lat' dir='ltr'>famosae</span> <span class='ocrx_word' id='word_1_61' title='bbox 614 771 657 805; x_wconf 93' lang='lat' dir='ltr'>et</span> <span class='ocrx_word' id='word_1_62' title='bbox 681 776 796 816; x_wconf 88' lang='lat' dir='ltr'>quae</span> <span class='ocrx_word' id='word_1_63' title='bbox 820 761 971 802; x_wconf 90' lang='lat' dir='ltr'>multis</span> <span class='ocrx_word' id='word_1_64' title='bbox 989 769 1233 803; x_wconf 85' lang='lat' dir='ltr'>extremam</span> <span class='ocrx_word' id='word_1_65' title='bbox 1254 761 1493 815; x_wconf 91' lang='lat' dir='ltr'>perniciem</span> <span class='ocrx_word' id='word_1_66' title='bbox 1515 762 1674 802; x_wconf 88' lang='lat' dir='ltr'>afferre</span> <span class='ocrx_word' id='word_1_67' title='bbox 1699 759 1868 814; x_wconf 88' lang='lat' dir='ltr'>potuis-</span> 
     </span>
     <span class='ocr_line' id='line_1_9' title="bbox 239 837 1868 893; baseline -0.004 -9"><span class='ocrx_word' id='word_1_68' title='bbox 239 850 353 885; x_wconf 85' lang='lat' dir='ltr'>sent.</span> <span class='ocrx_word' id='word_1_69' title='bbox 383 842 554 883; x_wconf 90' lang='lat' dir='ltr'>Harum</span> <span class='ocrx_word' id='word_1_70' title='bbox 580 839 698 882; x_wconf 90' lang='lat' dir='ltr'>enim</span> <span class='ocrx_word' id='word_1_71' title='bbox 722 840 858 880; x_wconf 86' lang='lat' dir='ltr'>altera</span> <span class='ocrx_word' id='word_1_72' title='bbox 883 854 937 881; x_wconf 87' lang='lat' dir='ltr'>ex</span> <span class='ocrx_word' id='word_1_73' title='bbox 967 837 1115 879; x_wconf 89' lang='lat' dir='ltr'>animo</span> <span class='ocrx_word' id='word_1_74' title='bbox 1145 838 1394 893; x_wconf 81' lang='lat' dir='ltr'>poenitens,</span> <span class='ocrx_word' id='word_1_75' title='bbox 1421 846 1465 880; x_wconf 92' lang='lat' dir='ltr'>et</span> <span class='ocrx_word' id='word_1_76' title='bbox 1496 839 1611 892; x_wconf 88' lang='lat' dir='ltr'>Xpo.</span> <span class='ocrx_word' id='word_1_77' title='bbox 1648 837 1692 878; x_wconf 92' lang='lat' dir='ltr'>in</span> <span class='ocrx_word' id='word_1_78' title='bbox 1724 843 1868 891; x_wconf 89' lang='lat' dir='ltr'>poste-</span> 
     </span>
     <span class='ocr_line' id='line_1_10' title="bbox 241 912 1869 971; baseline -0.004 -11"><span class='ocrx_word' id='word_1_79' title='bbox 241 933 336 960; x_wconf 89' lang='lat' dir='ltr'>rum</span> <span class='ocrx_word' id='word_1_80' title='bbox 360 917 529 960; x_wconf 89' lang='lat' dir='ltr'>seruire</span> <span class='ocrx_word' id='word_1_81' title='bbox 552 915 757 971; x_wconf 87' lang='lat' dir='ltr'>cupiens,</span> <span class='ocrx_word' id='word_1_82' title='bbox 785 915 1043 970; x_wconf 82' lang='lat' dir='ltr'>religiosum</span> <span class='ocrx_word' id='word_1_83' title='bbox 1069 915 1348 969; x_wconf 89' lang='lat' dir='ltr'>quarundam</span> <span class='ocrx_word' id='word_1_84' title='bbox 1372 914 1666 956; x_wconf 85' lang='lat' dir='ltr'>foeminarum</span> <span class='ocrx_word' id='word_1_85' title='bbox 1691 912 1869 966; x_wconf 87' lang='lat' dir='ltr'>institu-</span> 
     </span>
     <span class='ocr_line' id='line_1_11' title="bbox 241 990 1870 1049; baseline -0.003 -13"><span class='ocrx_word' id='word_1_86' title='bbox 241 1004 335 1036; x_wconf 91' lang='lat' dir='ltr'>tum</span> <span class='ocrx_word' id='word_1_87' title='bbox 359 994 562 1049; x_wconf 84' lang='lat' dir='ltr'>amplexa</span> <span class='ocrx_word' id='word_1_88' title='bbox 580 999 661 1035; x_wconf 90' lang='lat' dir='ltr'>est.</span> <span class='ocrx_word' id='word_1_89' title='bbox 692 994 847 1034; x_wconf 88' lang='lat' dir='ltr'>Altera</span> <span class='ocrx_word' id='word_1_90' title='bbox 871 1007 960 1046; x_wconf 92' lang='lat' dir='ltr'>qua</span> <span class='ocrx_word' id='word_1_91' title='bbox 984 1007 1073 1033; x_wconf 87' lang='lat' dir='ltr'>non</span> <span class='ocrx_word' id='word_1_92' title='bbox 1091 1000 1185 1034; x_wconf 89' lang='lat' dir='ltr'>erat</span> <span class='ocrx_word' id='word_1_93' title='bbox 1209 993 1373 1034; x_wconf 82' lang='lat' dir='ltr'>Romae</span> <span class='ocrx_word' id='word_1_94' title='bbox 1392 1005 1475 1033; x_wconf 89' lang='lat' dir='ltr'>nec</span> <span class='ocrx_word' id='word_1_95' title='bbox 1494 990 1763 1046; x_wconf 76' lang='lat' dir='ltr'>opulentior,</span> <span class='ocrx_word' id='word_1_96' title='bbox 1788 1003 1870 1031; x_wconf 86' lang='lat' dir='ltr'>nec</span> 
     </span>
     <span class='ocr_line' id='line_1_12' title="bbox 241 1065 1870 1123; baseline -0.004 -11"><span class='ocrx_word' id='word_1_97' title='bbox 241 1070 470 1121; x_wconf 82' lang='lat' dir='ltr'>illustrior,</span> <span class='ocrx_word' id='word_1_98' title='bbox 503 1069 655 1123; x_wconf 85' lang='lat' dir='ltr'>vitam,</span> <span class='ocrx_word' id='word_1_99' title='bbox 690 1069 866 1111; x_wconf 89' lang='lat' dir='ltr'>reiectis</span> <span class='ocrx_word' id='word_1_100' title='bbox 898 1069 1189 1119; x_wconf 83' lang='lat' dir='ltr'>amatoribus,</span> <span class='ocrx_word' id='word_1_101' title='bbox 1223 1070 1459 1109; x_wconf 84' lang='lat' dir='ltr'>honestam</span> <span class='ocrx_word' id='word_1_102' title='bbox 1491 1076 1534 1111; x_wconf 88' lang='lat' dir='ltr'>et</span> <span class='ocrx_word' id='word_1_103' title='bbox 1566 1067 1771 1122; x_wconf 88' lang='lat' dir='ltr'>pudicam</span> <span class='ocrx_word' id='word_1_104' title='bbox 1808 1065 1870 1107; x_wconf 91' lang='lat' dir='ltr'>ui-</span> 
     </span>
     <span class='ocr_line' id='line_1_13' title="bbox 245 1143 1869 1199; baseline -0.003 -11"><span class='ocrx_word' id='word_1_105' title='bbox 245 1147 324 1197; x_wconf 85' lang='lat' dir='ltr'>uit,</span> <span class='ocrx_word' id='word_1_106' title='bbox 373 1160 423 1188; x_wconf 88' lang='lat' dir='ltr'>ac</span> <span class='ocrx_word' id='word_1_107' title='bbox 466 1146 593 1188; x_wconf 90' lang='lat' dir='ltr'>breui</span> <span class='ocrx_word' id='word_1_108' title='bbox 623 1146 825 1188; x_wconf 89' lang='lat' dir='ltr'>modesto</span> <span class='ocrx_word' id='word_1_109' title='bbox 855 1145 991 1187; x_wconf 89' lang='lat' dir='ltr'>alicui</span> <span class='ocrx_word' id='word_1_110' title='bbox 1024 1152 1068 1187; x_wconf 92' lang='lat' dir='ltr'>et</span> <span class='ocrx_word' id='word_1_111' title='bbox 1099 1145 1217 1199; x_wconf 79' lang='lat' dir='ltr'>frugi</span> <span class='ocrx_word' id='word_1_112' title='bbox 1249 1145 1347 1186; x_wconf 90' lang='lat' dir='ltr'>uiro</span> <span class='ocrx_word' id='word_1_113' title='bbox 1380 1146 1541 1187; x_wconf 91' lang='lat' dir='ltr'>nubet.</span> <span class='ocrx_word' id='word_1_114' title='bbox 1590 1144 1721 1186; x_wconf 81' lang='lat' dir='ltr'>Alius</span> <span class='ocrx_word' id='word_1_115' title='bbox 1764 1143 1869 1185; x_wconf 85' lang='lat' dir='ltr'>item</span> 
     </span>
     <span class='ocr_line' id='line_1_14' title="bbox 241 1222 1868 1278; baseline -0.002 -13"><span class='ocrx_word' id='word_1_116' title='bbox 241 1223 451 1278; x_wconf 89' lang='lat' dir='ltr'>quamuis</span> <span class='ocrx_word' id='word_1_117' title='bbox 469 1223 512 1264; x_wconf 94' lang='lat' dir='ltr'>in</span> <span class='ocrx_word' id='word_1_118' title='bbox 538 1223 650 1264; x_wconf 92' lang='lat' dir='ltr'>male</span> <span class='ocrx_word' id='word_1_119' title='bbox 673 1223 852 1277; x_wconf 82' lang='lat' dir='ltr'>agendo</span> <span class='ocrx_word' id='word_1_120' title='bbox 875 1222 938 1264; x_wconf 88' lang='lat' dir='ltr'>sic</span> <span class='ocrx_word' id='word_1_121' title='bbox 967 1222 1265 1264; x_wconf 86' lang='lat' dir='ltr'>inueterasset</span> <span class='ocrx_word' id='word_1_122' title='bbox 1291 1230 1336 1262; x_wconf 93' lang='lat' dir='ltr'>ut</span> <span class='ocrx_word' id='word_1_123' title='bbox 1368 1223 1423 1262; x_wconf 91' lang='lat' dir='ltr'>ad</span> <span class='ocrx_word' id='word_1_124' title='bbox 1456 1229 1576 1262; x_wconf 85' lang='lat' dir='ltr'>recte</span> <span class='ocrx_word' id='word_1_125' title='bbox 1603 1222 1716 1261; x_wconf 84' lang='lat' dir='ltr'>facta</span> <span class='ocrx_word' id='word_1_126' title='bbox 1742 1234 1868 1261; x_wconf 89' lang='lat' dir='ltr'>reuo-</span> 
     </span>
     <span class='ocr_line' id='line_1_15' title="bbox 241 1298 1871 1354; baseline -0.004 -11"><span class='ocrx_word' id='word_1_127' title='bbox 241 1301 332 1343; x_wconf 88' lang='lat' dir='ltr'>cari</span> <span class='ocrx_word' id='word_1_128' title='bbox 358 1314 442 1341; x_wconf 89' lang='lat' dir='ltr'>non</span> <span class='ocrx_word' id='word_1_129' title='bbox 463 1314 593 1354; x_wconf 89' lang='lat' dir='ltr'>posse</span> <span class='ocrx_word' id='word_1_130' title='bbox 616 1299 795 1342; x_wconf 90' lang='lat' dir='ltr'>sibimet</span> <span class='ocrx_word' id='word_1_131' title='bbox 818 1298 902 1353; x_wconf 89' lang='lat' dir='ltr'>ipsi</span> <span class='ocrx_word' id='word_1_132' title='bbox 924 1298 1167 1349; x_wconf 85' lang='lat' dir='ltr'>uideretur,</span> <span class='ocrx_word' id='word_1_133' title='bbox 1189 1298 1429 1352; x_wconf 90' lang='lat' dir='ltr'>aliquando</span> <span class='ocrx_word' id='word_1_134' title='bbox 1449 1306 1596 1340; x_wconf 90' lang='lat' dir='ltr'>tamen</span> <span class='ocrx_word' id='word_1_135' title='bbox 1616 1311 1871 1339; x_wconf 88' lang='lat' dir='ltr'>sacramen-</span> 
     </span>
     <span class='ocr_line' id='line_1_16' title="bbox 244 1374 1873 1430; baseline -0.002 -11"><span class='ocrx_word' id='word_1_136' title='bbox 244 1385 287 1419; x_wconf 89' lang='lat' dir='ltr'>ta</span> <span class='ocrx_word' id='word_1_137' title='bbox 324 1378 614 1430; x_wconf 89' lang='lat' dir='ltr'>frequentans</span> <span class='ocrx_word' id='word_1_138' title='bbox 647 1383 691 1417; x_wconf 92' lang='lat' dir='ltr'>et</span> <span class='ocrx_word' id='word_1_139' title='bbox 731 1375 894 1417; x_wconf 87' lang='lat' dir='ltr'>nostris</span> <span class='ocrx_word' id='word_1_140' title='bbox 919 1375 1191 1418; x_wconf 88' lang='lat' dir='ltr'>familiariter</span> <span class='ocrx_word' id='word_1_141' title='bbox 1232 1384 1377 1428; x_wconf 90' lang='lat' dir='ltr'>utens,</span> <span class='ocrx_word' id='word_1_142' title='bbox 1414 1374 1609 1425; x_wconf 89' lang='lat' dir='ltr'>emersit,</span> <span class='ocrx_word' id='word_1_143' title='bbox 1637 1388 1775 1428; x_wconf 90' lang='lat' dir='ltr'>seque</span> <span class='ocrx_word' id='word_1_144' title='bbox 1817 1375 1873 1415; x_wconf 91' lang='lat' dir='ltr'>ad</span> 
     </span>
     <span class='ocr_line' id='line_1_17' title="bbox 245 1452 1280 1506; baseline -0.004 -11"><span class='ocrx_word' id='word_1_145' title='bbox 245 1454 472 1497; x_wconf 89' lang='lat' dir='ltr'>meliorem</span> <span class='ocrx_word' id='word_1_146' title='bbox 499 1453 634 1494; x_wconf 90' lang='lat' dir='ltr'>uitam</span> <span class='ocrx_word' id='word_1_147' title='bbox 668 1452 852 1506; x_wconf 89' lang='lat' dir='ltr'>recepit.</span> <span class='ocrx_word' id='word_1_148' title='bbox 1276 1455 1280 1458; x_wconf 82' lang='grc'><strong>”</strong></span> 
     </span>
    </p>

    <p class='ocr_par' dir='ltr' id='par_1_4' title="bbox 243 1527 1874 2427">
     <span class='ocr_line' id='line_1_18' title="bbox 338 1527 1870 1582; baseline -0.003 -10"><span class='ocrx_word' id='word_1_149' title='bbox 338 1542 403 1572; x_wconf 82' lang='lat'>11.</span> <span class='ocrx_word' id='word_1_150' title='bbox 471 1530 539 1571; x_wconf 90' lang='lat' dir='ltr'>Ac</span> <span class='ocrx_word' id='word_1_151' title='bbox 565 1537 612 1570; x_wconf 91' lang='lat' dir='ltr'>ut</span> <span class='ocrx_word' id='word_1_152' title='bbox 636 1529 814 1571; x_wconf 90' lang='lat' dir='ltr'>sedatas</span> <span class='ocrx_word' id='word_1_153' title='bbox 835 1528 1183 1579; x_wconf 86' lang='lat' dir='ltr'>controuersias,</span> <span class='ocrx_word' id='word_1_154' title='bbox 1214 1528 1438 1569; x_wconf 78' lang='lat' dir='ltr'>cohibitas</span> <span class='ocrx_word' id='word_1_155' title='bbox 1471 1536 1648 1570; x_wconf 88' lang='lat' dir='ltr'>ueteres</span> <span class='ocrx_word' id='word_1_156' title='bbox 1680 1535 1723 1568; x_wconf 83' lang='lat' dir='ltr'>et</span> <span class='ocrx_word' id='word_1_157' title='bbox 1750 1527 1870 1582; x_wconf 70' lang='lat' dir='ltr'>‚capi—</span> 
     </span>
     <span class='ocr_line' id='line_1_19' title="bbox 245 1604 1869 1659; baseline -0.002 -10"><span class='ocrx_word' id='word_1_158' title='bbox 245 1608 354 1650; x_wconf 85' lang='lat' dir='ltr'>tales</span> <span class='ocrx_word' id='word_1_159' title='bbox 386 1607 488 1656; x_wconf 89' lang='lat' dir='ltr'>iras,</span> <span class='ocrx_word' id='word_1_160' title='bbox 520 1608 742 1647; x_wconf 89' lang='lat' dir='ltr'>honorum</span> <span class='ocrx_word' id='word_1_161' title='bbox 773 1604 1079 1648; x_wconf 89' lang='lat' dir='ltr'>restitutiones</span> <span class='ocrx_word' id='word_1_162' title='bbox 1107 1612 1151 1648; x_wconf 88' lang='lat' dir='ltr'>et</span> <span class='ocrx_word' id='word_1_163' title='bbox 1180 1605 1473 1648; x_wconf 89' lang='lat' dir='ltr'>eleemosinas</span> <span class='ocrx_word' id='word_1_164' title='bbox 1504 1604 1869 1659; x_wconf 84' lang='lat' dir='ltr'>praetermittam,</span> 
     </span>
     <span class='ocr_line' id='line_1_20' title="bbox 244 1681 1872 1738; baseline -0.002 -13"><span class='ocrx_word' id='word_1_165' title='bbox 244 1686 330 1725; x_wconf 91' lang='lat' dir='ltr'>hoc</span> <span class='ocrx_word' id='word_1_166' title='bbox 363 1691 486 1726; x_wconf 89' lang='lat' dir='ltr'>certe</span> <span class='ocrx_word' id='word_1_167' title='bbox 520 1697 610 1724; x_wconf 92' lang='lat' dir='ltr'>non</span> <span class='ocrx_word' id='word_1_168' title='bbox 644 1682 915 1738; x_wconf 84' lang='lat' dir='ltr'>reticuerim,</span> <span class='ocrx_word' id='word_1_169' title='bbox 952 1692 1237 1724; x_wconf 83' lang='lat' dir='ltr'>asseuerasse</span> <span class='ocrx_word' id='word_1_170' title='bbox 1267 1681 1397 1724; x_wconf 90' lang='lat' dir='ltr'>nobis</span> <span class='ocrx_word' id='word_1_171' title='bbox 1432 1683 1654 1736; x_wconf 87' lang='lat' dir='ltr'>quendam</span> <span class='ocrx_word' id='word_1_172' title='bbox 1691 1696 1739 1724; x_wconf 94' lang='lat' dir='ltr'>se</span> <span class='ocrx_word' id='word_1_173' title='bbox 1769 1696 1872 1723; x_wconf 87' lang='lat' dir='ltr'>curn</span> 
     </span>
     <span class='ocr_line' id='line_1_21' title="bbox 244 1755 1868 1813; baseline -0.002 -11"><span class='ocrx_word' id='word_1_174' title='bbox 244 1768 501 1802; x_wconf 89' lang='lat' dir='ltr'>nostrorum</span> <span class='ocrx_word' id='word_1_175' title='bbox 540 1758 774 1812; x_wconf 82' lang='lat' dir='ltr'>colloquiis</span> <span class='ocrx_word' id='word_1_176' title='bbox 813 1755 1053 1813; x_wconf 83' lang='lat' dir='ltr'>persuasus</span> <span class='ocrx_word' id='word_1_177' title='bbox 1092 1758 1136 1800; x_wconf 93' lang='lat' dir='ltr'>in</span> <span class='ocrx_word' id='word_1_178' title='bbox 1175 1758 1408 1801; x_wconf 89' lang='lat' dir='ltr'>mendicos</span> <span class='ocrx_word' id='word_1_179' title='bbox 1443 1758 1665 1802; x_wconf 86' lang='lat' dir='ltr'>liberalior</span> <span class='ocrx_word' id='word_1_180' title='bbox 1696 1758 1868 1809; x_wconf 88' lang='lat' dir='ltr'>fuisset,</span> 
     </span>
     <span class='ocr_line' id='line_1_22' title="bbox 243 1835 1872 1889; baseline -0.002 -10"><span class='ocrx_word' id='word_1_181' title='bbox 243 1836 616 1880; x_wconf 85' lang='lat' dir='ltr'>animaduertisse</span> <span class='ocrx_word' id='word_1_182' title='bbox 640 1838 803 1877; x_wconf 91' lang='lat' dir='ltr'>factam</span> <span class='ocrx_word' id='word_1_183' title='bbox 826 1835 909 1877; x_wconf 87' lang='lat' dir='ltr'>sibi</span> <span class='ocrx_word' id='word_1_184' title='bbox 935 1842 1103 1877; x_wconf 90' lang='lat' dir='ltr'>tantam</span> <span class='ocrx_word' id='word_1_185' title='bbox 1129 1835 1347 1889; x_wconf 86' lang='lat' dir='ltr'>pecuniae</span> <span class='ocrx_word' id='word_1_186' title='bbox 1376 1835 1698 1886; x_wconf 88' lang='lat' dir='ltr'>accessionem,</span> <span class='ocrx_word' id='word_1_187' title='bbox 1733 1849 1872 1889; x_wconf 91' lang='lat' dir='ltr'>quan-</span> 
     </span>
     <span class='ocr_line' id='line_1_23' title="bbox 246 1911 1869 1967; baseline -0.001 -12"><span class='ocrx_word' id='word_1_188' title='bbox 246 1922 334 1955; x_wconf 91' lang='lat' dir='ltr'>tam</span> <span class='ocrx_word' id='word_1_189' title='bbox 370 1912 642 1967; x_wconf 85' lang='lat' dir='ltr'>pauperibus</span> <span class='ocrx_word' id='word_1_190' title='bbox 674 1921 922 1966; x_wconf 76' lang='lat' dir='ltr'>erogasset;</span> <span class='ocrx_word' id='word_1_191' title='bbox 971 1919 1018 1953; x_wconf 93' lang='lat' dir='ltr'>ut</span> <span class='ocrx_word' id='word_1_192' title='bbox 1064 1912 1249 1966; x_wconf 91' lang='lat' dir='ltr'>proinde</span> <span class='ocrx_word' id='word_1_193' title='bbox 1283 1911 1415 1953; x_wconf 86' lang='lat' dir='ltr'>ditior</span> <span class='ocrx_word' id='word_1_194' title='bbox 1438 1912 1698 1967; x_wconf 75' lang='lat' dir='ltr'>elargiendo</span> <span class='ocrx_word' id='word_1_195' title='bbox 1719 1912 1869 1962; x_wconf 92' lang='lat' dir='ltr'>fuerit,</span> 
     </span>
     <span class='ocr_line' id='line_1_24' title="bbox 245 1988 1874 2045; baseline 0 -14"><span class='ocrx_word' id='word_1_196' title='bbox 245 2005 377 2045; x_wconf 89' lang='lat' dir='ltr'>quam</span> <span class='ocrx_word' id='word_1_197' title='bbox 409 1990 444 2031; x_wconf 93' lang='lat' dir='ltr'>si</span> <span class='ocrx_word' id='word_1_198' title='bbox 475 1989 585 2031; x_wconf 88' lang='lat' dir='ltr'>nihil</span> <span class='ocrx_word' id='word_1_199' title='bbox 614 2003 812 2044; x_wconf 88' lang='lat' dir='ltr'>unquam</span> <span class='ocrx_word' id='word_1_200' title='bbox 844 1989 1000 2044; x_wconf 83' lang='lat' dir='ltr'>egenis</span> <span class='ocrx_word' id='word_1_201' title='bbox 1040 1988 1282 2032; x_wconf 84' lang='lat' dir='ltr'>tribuisset.</span> <span class='ocrx_word' id='word_1_202' title='bbox 1321 1991 1506 2032; x_wconf 83' lang='lat' dir='ltr'>Possem</span> <span class='ocrx_word' id='word_1_203' title='bbox 1541 1990 1688 2031; x_wconf 89' lang='lat' dir='ltr'>adhuc</span> <span class='ocrx_word' id='word_1_204' title='bbox 1723 1989 1807 2031; x_wconf 91' lang='lat' dir='ltr'>alia</span> <span class='ocrx_word' id='word_1_205' title='bbox 1830 1989 1874 2031; x_wconf 92' lang='lat' dir='ltr'>id</span> 
     </span>
     <span class='ocr_line' id='line_1_25' title="bbox 245 2065 1874 2121; baseline 0 -13"><span class='ocrx_word' id='word_1_206' title='bbox 245 2081 390 2121; x_wconf 78' lang='lat' dir='ltr'>genus</span> <span class='ocrx_word' id='word_1_207' title='bbox 413 2081 437 2107; x_wconf 88' lang='lat' dir='ltr'>a</span> <span class='ocrx_word' id='word_1_208' title='bbox 460 2065 824 2107; x_wconf 88' lang='lat' dir='ltr'>confessionibus</span> <span class='ocrx_word' id='word_1_209' title='bbox 842 2066 897 2107; x_wconf 90' lang='lat' dir='ltr'>ad</span> <span class='ocrx_word' id='word_1_210' title='bbox 921 2066 1086 2108; x_wconf 90' lang='lat' dir='ltr'>liberos</span> <span class='ocrx_word' id='word_1_211' title='bbox 1109 2066 1313 2108; x_wconf 89' lang='lat' dir='ltr'>homines</span> <span class='ocrx_word' id='word_1_212' title='bbox 1338 2067 1536 2120; x_wconf 86' lang='lat' dir='ltr'>profecta</span> <span class='ocrx_word' id='word_1_213' title='bbox 1570 2067 1874 2109; x_wconf 86' lang='lat' dir='ltr'>emolumenta</span> 
     </span>
     <span class='ocr_line' id='line_1_26' title="bbox 245 2142 1873 2198; baseline 0.001 -15"><span class='ocrx_word' id='word_1_214' title='bbox 245 2144 428 2195; x_wconf 86' lang='lat' dir='ltr'>referre;</span> <span class='ocrx_word' id='word_1_215' title='bbox 464 2151 511 2184; x_wconf 93' lang='lat' dir='ltr'>ut</span> <span class='ocrx_word' id='word_1_216' title='bbox 541 2143 809 2184; x_wconf 85' lang='lat' dir='ltr'>decuriones</span> <span class='ocrx_word' id='word_1_217' title='bbox 847 2142 863 2166; x_wconf 73' lang='lat' dir='ltr'>b</span> <span class='ocrx_word' id='word_1_218' title='bbox 901 2157 1080 2196; x_wconf 82' lang='lat' dir='ltr'>quoque</span> <span class='ocrx_word' id='word_1_219' title='bbox 1121 2143 1322 2184; x_wconf 92' lang='lat' dir='ltr'>nonnulli</span> <span class='ocrx_word' id='word_1_220' title='bbox 1361 2144 1585 2198; x_wconf 89' lang='lat' dir='ltr'>xpianam.</span> <span class='ocrx_word' id='word_1_221' title='bbox 1622 2143 1873 2184; x_wconf 92' lang='lat' dir='ltr'>doctrinam</span> 
     </span>
     <span class='ocr_line' id='line_1_27' title="bbox 247 2219 1874 2274; baseline -0.001 -12"><span class='ocrx_word' id='word_1_222' title='bbox 247 2233 407 2274; x_wconf 88' lang='lat' dir='ltr'>pueros</span> <span class='ocrx_word' id='word_1_223' title='bbox 430 2220 637 2270; x_wconf 87' lang='lat' dir='ltr'>doceant,</span> <span class='ocrx_word' id='word_1_224' title='bbox 664 2227 707 2260; x_wconf 88' lang='lat' dir='ltr'>et</span> <span class='ocrx_word' id='word_1_225' title='bbox 731 2220 911 2262; x_wconf 90' lang='lat' dir='ltr'>eosdem</span> <span class='ocrx_word' id='word_1_226' title='bbox 937 2220 1066 2261; x_wconf 88' lang='lat' dir='ltr'>nobis</span> <span class='ocrx_word' id='word_1_227' title='bbox 1089 2220 1293 2262; x_wconf 85' lang='lat' dir='ltr'>confiteri</span> <span class='ocrx_word' id='word_1_228' title='bbox 1318 2220 1474 2272; x_wconf 91' lang='lat' dir='ltr'>uelint;</span> <span class='ocrx_word' id='word_1_229' title='bbox 1502 2227 1551 2262; x_wconf 91' lang='lat' dir='ltr'>ut</span> <span class='ocrx_word' id='word_1_230' title='bbox 1577 2220 1677 2261; x_wconf 87' lang='lat' dir='ltr'>folia</span> <span class='ocrx_word' id='word_1_231' title='bbox 1709 2219 1874 2261; x_wconf 90' lang='lat' dir='ltr'>lusoria</span> 
     </span>
     <span class='ocr_line' id='line_1_28' title="bbox 245 2295 1873 2351; baseline 0 -15"><span class='ocrx_word' id='word_1_232' title='bbox 245 2296 289 2337; x_wconf 91' lang='lat' dir='ltr'>in</span> <span class='ocrx_word' id='word_1_233' title='bbox 314 2297 409 2337; x_wconf 88' lang='lat' dir='ltr'>foro</span> <span class='ocrx_word' id='word_1_234' title='bbox 432 2295 693 2337; x_wconf 85' lang='lat' dir='ltr'>ludentibus</span> <span class='ocrx_word' id='word_1_235' title='bbox 715 2303 906 2347; x_wconf 85' lang='lat' dir='ltr'>extorta3</span> <span class='ocrx_word' id='word_1_236' title='bbox 933 2296 1108 2351; x_wconf 86' lang='lat' dir='ltr'>ipsique</span> <span class='ocrx_word' id='word_1_237' title='bbox 1132 2304 1174 2339; x_wconf 89' lang='lat' dir='ltr'>et</span> <span class='ocrx_word' id='word_1_238' title='bbox 1198 2311 1352 2338; x_wconf 91' lang='lat' dir='ltr'>eorum</span> <span class='ocrx_word' id='word_1_239' title='bbox 1384 2304 1661 2351; x_wconf 90' lang='lat' dir='ltr'>spectatores</span> <span class='ocrx_word' id='word_1_240' title='bbox 1689 2297 1744 2337; x_wconf 93' lang='lat' dir='ltr'>ad</span> <span class='ocrx_word' id='word_1_241' title='bbox 1768 2310 1873 2337; x_wconf 89' lang='lat' dir='ltr'>con-</span> 
     </span>
     <span class='ocr_line' id='line_1_29' title="bbox 246 2372 1870 2427; baseline 0.001 -14"><span class='ocrx_word' id='word_1_242' title='bbox 246 2372 464 2414; x_wconf 90' lang='lat' dir='ltr'>fitendum</span> <span class='ocrx_word' id='word_1_243' title='bbox 495 2372 671 2414; x_wconf 86' lang='lat' dir='ltr'>blandis</span> <span class='ocrx_word' id='word_1_244' title='bbox 700 2372 850 2414; x_wconf 87' lang='lat' dir='ltr'>uerbis</span> <span class='ocrx_word' id='word_1_245' title='bbox 879 2372 1026 2415; x_wconf 90' lang='lat' dir='ltr'>allecti</span> <span class='ocrx_word' id='word_1_246' title='bbox 1054 2372 1158 2424; x_wconf 83' lang='lat' dir='ltr'>sint3</span> <span class='ocrx_word' id='word_1_247' title='bbox 1195 2387 1351 2415; x_wconf 87' lang='lat' dir='ltr'>verum</span> <span class='ocrx_word' id='word_1_248' title='bbox 1375 2373 1429 2415; x_wconf 91' lang='lat' dir='ltr'>ad</span> <span class='ocrx_word' id='word_1_249' title='bbox 1461 2373 1637 2415; x_wconf 84' lang='lat' dir='ltr'>uinctos</span> <span class='ocrx_word' id='word_1_250' title='bbox 1665 2387 1870 2427; x_wconf 86' lang='lat' dir='ltr'>properO.</span> 
     </span>
    </p>

    <p class='ocr_par' dir='ltr' id='par_1_5' title="bbox 247 2449 1876 2883">
     <span class='ocr_line' id='line_1_30' title="bbox 339 2449 1874 2504; baseline 0 -14"><span class='ocrx_word' id='word_1_251' title='bbox 339 2461 403 2491; x_wconf 88' lang='lat'>12.</span> <span class='ocrx_word' id='word_1_252' title='bbox 471 2449 531 2491; x_wconf 93' lang='lat' dir='ltr'>Hi</span> <span class='ocrx_word' id='word_1_253' title='bbox 562 2449 759 2501; x_wconf 91' lang='lat' dir='ltr'>tandem,</span> <span class='ocrx_word' id='word_1_254' title='bbox 788 2451 902 2504; x_wconf 90' lang='lat' dir='ltr'>Xpo.</span> <span class='ocrx_word' id='word_1_255' title='bbox 930 2450 1062 2498; x_wconf 89' lang='lat' dir='ltr'>duce,</span> <span class='ocrx_word' id='word_1_256' title='bbox 1096 2464 1278 2503; x_wconf 90' lang='lat' dir='ltr'>prauam</span> <span class='ocrx_word' id='word_1_257' title='bbox 1303 2458 1554 2492; x_wconf 86' lang='lat' dir='ltr'>scortorum</span> <span class='ocrx_word' id='word_1_258' title='bbox 1588 2449 1874 2491; x_wconf 88' lang='lat' dir='ltr'>consuetudi-</span> 
     </span>
     <span class='ocr_line' id='line_1_31' title="bbox 247 2525 1873 2580; baseline 0.001 -15"><span class='ocrx_word' id='word_1_259' title='bbox 247 2539 346 2566; x_wconf 89' lang='lat' dir='ltr'>nem</span> <span class='ocrx_word' id='word_1_260' title='bbox 376 2533 419 2567; x_wconf 92' lang='lat' dir='ltr'>et</span> <span class='ocrx_word' id='word_1_261' title='bbox 456 2525 818 2578; x_wconf 81' lang='lat' dir='ltr'>familiaritatem,</span> <span class='ocrx_word' id='word_1_262' title='bbox 860 2527 1020 2577; x_wconf 88' lang='lat' dir='ltr'>aleam,</span> <span class='ocrx_word' id='word_1_263' title='bbox 1057 2526 1265 2580; x_wconf 87' lang='lat' dir='ltr'>periuria,</span> <span class='ocrx_word' id='word_1_264' title='bbox 1298 2526 1520 2577; x_wconf 86' lang='lat' dir='ltr'>conuicia,</span> <span class='ocrx_word' id='word_1_265' title='bbox 1553 2527 1597 2567; x_wconf 93' lang='lat' dir='ltr'>in</span> <span class='ocrx_word' id='word_1_266' title='bbox 1627 2528 1774 2568; x_wconf 90' lang='lat' dir='ltr'>Deum</span> <span class='ocrx_word' id='word_1_267' title='bbox 1810 2526 1873 2567; x_wconf 91' lang='lat' dir='ltr'>di-</span> 
     </span>
     <span class='ocr_line' id='line_1_32' title="bbox 249 2602 1874 2657; baseline 0.001 -16"><span class='ocrx_word' id='word_1_268' title='bbox 249 2615 420 2654; x_wconf 89' lang='lat' dir='ltr'>uosque</span> <span class='ocrx_word' id='word_1_269' title='bbox 450 2602 703 2653; x_wconf 89' lang='lat' dir='ltr'>maledicta,</span> <span class='ocrx_word' id='word_1_270' title='bbox 734 2602 771 2644; x_wconf 90' lang='lat' dir='ltr'>si</span> <span class='ocrx_word' id='word_1_271' title='bbox 800 2617 890 2644; x_wconf 92' lang='lat' dir='ltr'>non</span> <span class='ocrx_word' id='word_1_272' title='bbox 925 2602 1126 2653; x_wconf 83' lang='lat' dir='ltr'>omnino,</span> <span class='ocrx_word' id='word_1_273' title='bbox 1160 2617 1323 2657; x_wconf 81' lang='lat' dir='ltr'>magna</span> <span class='ocrx_word' id='word_1_274' title='bbox 1352 2604 1510 2646; x_wconf 90' lang='lat' dir='ltr'>saltem</span> <span class='ocrx_word' id='word_1_275' title='bbox 1535 2617 1589 2645; x_wconf 83' lang='lat' dir='ltr'>ex</span> <span class='ocrx_word' id='word_1_276' title='bbox 1619 2611 1744 2657; x_wconf 86' lang='lat' dir='ltr'>parte</span> <span class='ocrx_word' id='word_1_277' title='bbox 1777 2603 1874 2644; x_wconf 91' lang='lat' dir='ltr'>reli-</span> 
     </span>
     <span class='ocr_line' id='line_1_33' title="bbox 247 2678 1876 2733; baseline 0.002 -16"><span class='ocrx_word' id='word_1_278' title='bbox 247 2684 457 2729; x_wconf 88' lang='lat' dir='ltr'>querunt.</span> <span class='ocrx_word' id='word_1_279' title='bbox 485 2678 702 2719; x_wconf 90' lang='lat' dir='ltr'>Nonnulli</span> <span class='ocrx_word' id='word_1_280' title='bbox 726 2686 956 2733; x_wconf 86' lang='lat' dir='ltr'>praeterea</span> <span class='ocrx_word' id='word_1_281' title='bbox 979 2678 1235 2720; x_wconf 89' lang='lat' dir='ltr'>inimicitias</span> <span class='ocrx_word' id='word_1_282' title='bbox 1257 2679 1369 2721; x_wconf 90' lang='lat' dir='ltr'>adeo</span> <span class='ocrx_word' id='word_1_283' title='bbox 1392 2680 1578 2720; x_wconf 87' lang='lat' dir='ltr'>acerbas</span> <span class='ocrx_word' id='word_1_284' title='bbox 1601 2686 1644 2720; x_wconf 93' lang='lat' dir='ltr'>et</span> <span class='ocrx_word' id='word_1_285' title='bbox 1673 2679 1876 2720; x_wconf 90' lang='lat' dir='ltr'>difficiles</span> 
     </span>
     <span class='ocr_line' id='line_1_34' title="bbox 248 2753 1872 2810; baseline 0.002 -18"><span class='ocrx_word' id='word_1_286' title='bbox 248 2753 579 2805; x_wconf 90' lang='lat' dir='ltr'>condonarunt,</span> <span class='ocrx_word' id='word_1_287' title='bbox 604 2762 652 2795; x_wconf 92' lang='lat' dir='ltr'>ut</span> <span class='ocrx_word' id='word_1_288' title='bbox 684 2768 786 2797; x_wconf 90' lang='lat' dir='ltr'>cum</span> <span class='ocrx_word' id='word_1_289' title='bbox 818 2755 940 2810; x_wconf 89' lang='lat' dir='ltr'>prius</span> <span class='ocrx_word' id='word_1_290' title='bbox 969 2769 1126 2799; x_wconf 89' lang='lat' dir='ltr'>uocem</span> <span class='ocrx_word' id='word_1_291' title='bbox 1161 2756 1216 2797; x_wconf 91' lang='lat' dir='ltr'>de</span> <span class='ocrx_word' id='word_1_292' title='bbox 1248 2769 1358 2810; x_wconf 89' lang='lat' dir='ltr'>pace</span> <span class='ocrx_word' id='word_1_293' title='bbox 1387 2756 1553 2797; x_wconf 91' lang='lat' dir='ltr'>nullam</span> <span class='ocrx_word' id='word_1_294' title='bbox 1580 2755 1872 2809; x_wconf 87' lang='lat' dir='ltr'>sustinerent,</span> 
     </span>
     <span class='ocr_line' id='line_1_35' title="bbox 249 2827 1876 2883; baseline 0.003 -16"><span class='ocrx_word' id='word_1_295' title='bbox 249 2827 428 2880; x_wconf 92' lang='lat' dir='ltr'>quidam</span> <span class='ocrx_word' id='word_1_296' title='bbox 452 2829 585 2871; x_wconf 93' lang='lat' dir='ltr'>etiam</span> <span class='ocrx_word' id='word_1_297' title='bbox 611 2831 874 2873; x_wconf 90' lang='lat' dir='ltr'>robustioris</span> <span class='ocrx_word' id='word_1_298' title='bbox 896 2832 1127 2883; x_wconf 87' lang='lat' dir='ltr'>audaciae,</span> <span class='ocrx_word' id='word_1_299' title='bbox 1155 2833 1285 2875; x_wconf 90' lang='lat' dir='ltr'>malle</span> <span class='ocrx_word' id='word_1_300' title='bbox 1302 2846 1350 2875; x_wconf 89' lang='lat' dir='ltr'>se</span> <span class='ocrx_word' id='word_1_301' title='bbox 1368 2832 1658 2873; x_wconf 72' lang='lat' dir='ltr'>affirma‘uerit</span> <span class='ocrx_word' id='word_1_302' title='bbox 1682 2831 1876 2874; x_wconf 87' lang='lat' dir='ltr'>aeternis</span> 
     </span>
    </p>
   </div>
   <div class='ocr_carea' id='block_1_3' title="bbox 320 2991 1213 3039">
    <p class='ocr_par' dir='ltr' id='par_1_6' title="bbox 320 2991 1213 3039">
     <span class='ocr_line' id='line_1_36' title="bbox 320 2991 1213 3039; baseline 0.008 -16"><span class='ocrx_word' id='word_1_303' title='bbox 320 2991 338 3017; x_wconf 89' lang='lat' dir='ltr'>b</span> <span class='ocrx_word' id='word_1_304' title='bbox 389 2991 464 3030; x_wconf 75' lang='lat' dir='ltr'>Sic,</span> <span class='ocrx_word' id='word_1_305' title='bbox 485 2995 520 3025; x_wconf 81' lang='lat' dir='ltr'>et</span> <span class='ocrx_word' id='word_1_306' title='bbox 539 2992 655 3036; x_wconf 84' lang='lat' dir='ltr'>infra</span> <span class='ocrx_word' id='word_1_307' title='bbox 674 3005 752 3027; x_wconf 83' lang='lat' dir='ltr'>non</span> <span class='ocrx_word' id='word_1_308' title='bbox 771 2996 903 3029; x_wconf 82' lang='lat' dir='ltr'>semel:</span> <span class='ocrx_word' id='word_1_309' title='bbox 922 2998 996 3039; x_wconf 80' lang='lat' dir='ltr'>pro</span> <span class='ocrx_word' id='word_1_310' title='bbox 1015 2994 1213 3030; x_wconf 85' lang='lat' dir='ltr'>curiones?</span> 
     </span>
    </p>
   </div>
  </div>
 </body>
</html>
