1971 3276
267 203 334 237 330
780 201 969 236 POLANCI
996 205 1313 234 COMPLEMENTA

221 304 355 355 tibus,
383 316 465 345 nec
490 317 644 358 parum
678 310 835 357 patruo
865 301 1076 355 episcopo
1106 300 1391 350 reclamante,
1425 299 1610 339 Romam
1649 296 1770 338 uenit
1805 304 1853 338 ut

220 381 265 423 in
289 381 559 424 Societatem
585 379 913 429 admitteretur;
942 376 1016 431 qui
1041 377 1085 418 in
1107 375 1258 430 primis
1283 389 1405 416 nunc
1426 373 1700 429 probationis
1724 372 1848 414 mini-

220 458 367 501 steriis
392 464 612 499 uersatur.

309 544 379 587 25.
447 534 589 586 Haec,
616 533 812 586 inquam,
837 538 881 572 et
912 529 1117 584 persequi
1148 529 1335 582 longum
1368 534 1502 573 esset,
1539 533 1583 569 et
1614 525 1682 567 his
1713 525 1854 567 multa

221 626 310 653 non
335 610 576 653 admodum
601 607 833 649 dissimilia
857 606 954 648 aliis
978 613 1083 648 sunt
1107 604 1247 648 literis
1270 610 1466 646 exarata.
1494 603 1583 646 Sed
1614 616 1696 645 nec
1725 602 1854 644 decet

224 697 372 730 tamen
397 688 502 728 dum
529 684 737 726 breuitati
763 683 972 725 nimirum
1004 682 1181 735 studeo,
1210 680 1440 735 singulare
1469 680 1513 720 in
1544 679 1746 734 patribus
1774 692 1852 720 ca-

223 765 396 820 pucinis
420 762 650 805 charitatis
667 761 922 815 exemplum
945 761 1030 801 hoc
1056 760 1153 801 loco
1173 772 1260 799 non
1280 771 1647 799 commemorare.
1672 757 1718 797 In
1744 770 1853 810 quo-

227 857 320 884 rum
345 848 622 883 conuentum
647 852 749 880 cum
774 838 863 878 duo
885 851 940 878 ex
966 835 1131 878 nostris
1156 837 1272 877 forte
1297 833 1629 889 peruenissent,
1651 832 1738 874 dici
1762 846 1854 873 non

225 926 371 974 potest
396 925 563 973 quanta
598 916 699 957 illos
730 914 1033 963 humanitate,
1067 911 1406 961 beneuolentia,
1440 918 1482 953 et
1513 908 1740 964 obsequiis
1769 908 1858 951 sint

226 995 460 1050 complexi.
484 996 613 1048 Quos
637 1007 739 1034 cum
764 991 864 1033 cibo
885 991 1075 1045 primum
1097 995 1392 1039 recreassent,
1413 994 1457 1030 et
1481 988 1619 1029 nostri
1645 986 1753 1028 satis
1770 986 1856 1027 iam

222 1075 389 1116 factum
413 1071 496 1114 sibi
523 1076 747 1125 putarent,
770 1069 829 1109 illi
855 1067 937 1109 sibi
962 1067 1162 1109 nondum
1182 1065 1511 1115 satisfecerant3
1539 1071 1695 1118 parant
1721 1062 1855 1105 etiam

223 1165 270 1193 se
300 1151 356 1192 ad
386 1149 602 1191 lauandos
634 1146 867 1200 utriusque
899 1145 1051 1199 pedeS,
1085 1144 1220 1197 idque
1250 1157 1303 1185 eo
1332 1142 1504 1195 ordine,
1539 1148 1587 1182 ut
1616 1139 1757 1192 alteri,
1782 1139 1857 1193 qui

225 1227 434 1270 sacerdos
457 1232 568 1278 erat,
597 1224 687 1265 duo
711 1223 828 1264 illius
853 1228 1106 1263 conuentus
1132 1219 1345 1274 praefecti
1377 1221 1534 1260 Patres
1564 1217 1608 1258 in
1640 1231 1693 1260 eo
1723 1217 1855 1259 obse-

224 1306 330 1360 quio
359 1304 645 1350 inseruirent;
684 1300 831 1342 fratris
866 1313 974 1341 uero
1009 1313 1160 1340 curam
1195 1297 1373 1338 duobus
1407 1295 1504 1337 aliis
1540 1294 1750 1336 Patribus
1782 1294 1858 1335 de-

225 1383 506 1432 mandarent3
531 1379 607 1433 qui
641 1377 794 1433 positis
824 1376 1033 1431 genibus,
1067 1375 1212 1430 capite
1243 1388 1351 1417 uero
1381 1379 1551 1428 aperto,
1579 1385 1744 1426 magna
1769 1385 1857 1412 non

224 1460 368 1500 solum
393 1456 625 1507 charitate,
643 1456 721 1496 sed
745 1452 962 1508 singulari
985 1451 1119 1493 etiam
1140 1449 1445 1501 obseruantia,
1470 1448 1604 1503 pedes
1624 1447 1858 1502 utriusque

226 1536 453 1587 lauabant,
475 1535 768 1574 decantantes
792 1529 984 1579 interim,
1009 1528 1055 1569 hi
1085 1528 1263 1581 quidem
1294 1525 1520 1568 canticum
1552 1526 1679 1567 Btae.
1709 1523 1858 1579 Virgi-

228 1614 312 1663 nis,
334 1612 394 1653 illi
420 1624 527 1652 uero
551 1608 776 1651 canticum
797 1605 1063 1649 Zachariae.
1096 1606 1256 1658 Neque
1280 1604 1323 1645 id
1353 1603 1459 1645 satis
1488 1609 1571 1652 est,
1600 1601 1677 1644 sed
1703 1608 1747 1644 et
1774 1603 1858 1643 Pa-

228 1699 293 1732 ter
318 1687 595 1743 guardianus
617 1685 816 1728 omnium
843 1683 1010 1738 primus
1032 1696 1186 1725 eorum
1214 1681 1349 1735 pedes
1381 1680 1627 1729 osculatus,
1655 1685 1858 1720 caeteros

227 1767 390 1809 deinde
424 1779 582 1807 omnes
611 1761 826 1816 subsequi
860 1775 942 1802 suo
977 1774 1199 1813 quemque
1233 1757 1390 1800 ordine
1423 1756 1581 1799 uoluit.
1626 1755 1860 1809 Rependat

228 1843 314 1885 illis
340 1841 560 1885 Dominus
586 1839 730 1881 uicem
758 1846 846 1880 tam
871 1836 1084 1880 beneuoli
1111 1834 1386 1889 benignique
1409 1832 1560 1875 animi.

318 1920 387 1962 26.
456 1918 528 1960 Ad
553 1919 663 1959 festa
688 1915 887 1958 natalitia
910 1921 1015 1955 sunt
1048 1913 1179 1956 etiam
1212 1911 1392 1965 quidam
1424 1910 1467 1951 in
1498 1908 1661 1964 oppida
1694 1910 1860 1951 Romae

228 1996 478 2040 adiacentia
517 1994 664 2047 missi,
708 1993 897 2035 uerbum
938 1991 1021 2033 Dei
1062 1988 1411 2041 disseminaturi,
1454 1995 1497 2030 et
1535 1985 1858 2035 confessiones,

229 2090 344 2130 quae
367 2075 510 2116 solent
534 2075 618 2113 hoc
644 2079 842 2125 tempore
865 2083 963 2111 esse
983 2066 1323 2120 frequentiores,
1350 2063 1565 2114 audituri3
1594 2062 1668 2104 ubi
1694 2068 1800 2104 sunt
1818 2069 1862 2104 et

229 2154 285 2194 ab
309 2152 415 2206 ipsis
439 2157 687 2192 castrorum
715 2146 950 2202 praefectis
973 2152 1015 2186 et
1047 2159 1071 2185 a
1100 2143 1266 2198 populo
1295 2141 1506 2183 Vniuerso
1539 2146 1750 2194 tanquam
1780 2152 1859 2180 an-

230 2229 319 2285 geli
344 2228 425 2271 Dei
452 2228 534 2280 (sic
557 2226 675 2270 enim
700 2238 782 2266 nos
799 2223 882 2278 ipsi
903 2221 1084 2276 uocant)
1108 2234 1270 2274 magna
1288 2218 1517 2261 alacritate
1535 2216 1726 2270 excepti.
1751 2214 1861 2270 Qui-

231 2308 316 2348 bus
339 2306 383 2347 in
408 2306 516 2347 locis
541 2319 630 2345 non
651 2305 814 2345 frustra
844 2301 1093 2342 laboratum
1125 2304 1209 2347 est,
1236 2310 1339 2337 cum
1373 2294 1564 2337 familiae
1593 2293 1727 2335 etiam
1751 2292 1861 2334 inte-

231 2398 339 2438 grae
362 2391 616 2424 nostrorum
640 2393 776 2422 suasu
801 2384 1079 2420 sacramenta
1102 2389 1192 2416 non
1218 2387 1317 2415 raro
1349 2373 1650 2427 frequentent;
1678 2377 1722 2412 et
1745 2368 1860 2410 mul-

232 2460 279 2512 ti,
306 2457 672 2514 deploratissimis
697 2456 897 2498 moribus
921 2453 1101 2503 relictis,
1129 2459 1264 2506 atque
1287 2449 1400 2491 odiis
1424 2449 1468 2490 in
1493 2448 1657 2502 quibus
1680 2446 1756 2488 diu
1780 2446 1861 2487 ob·

231 2537 380 2578 stinati
408 2540 824 2591 perseuerauerant,
852 2530 1082 2586 depositis,
1109 2529 1151 2570 in
1178 2527 1368 2583 gratiam
1398 2540 1501 2567 cum
1529 2527 1624 2567 Deo
1649 2531 1692 2567 et
1718 2522 1861 2577 proxi-

232 2614 314 2655 mis
339 2613 565 2656 redierint.
596 2612 635 2653 A
661 2610 825 2664 quibus
849 2609 1010 2649 fratres
1039 2607 1259 2648 abeuntes
1290 2610 1462 2645 tantum
1494 2601 1563 2643 sui
1592 2599 1863 2643 desiderium

233 2691 525 2744 reliquerunt,
547 2696 596 2731 ut
615 2686 955 2743 egredientibus
975 2698 1051 2739 per
1070 2682 1239 2737 aliquot
1258 2680 1444 2722 miliaria
1465 2678 1592 2720 multi
1608 2691 1710 2721 sese
1729 2675 1864 2718 comi·

236 2775 302 2808 tes
336 2767 652 2821 adiungerent,
684 2772 820 2818 atque
849 2763 905 2804 ab
935 2761 1019 2803 illis
1048 2759 1297 2815 aegerrime
1327 2757 1646 2808 auellerentur,
1679 2760 1864 2795 conten-

233 2843 391 2886 dentes
415 2841 591 2897 magnis
615 2840 840 2895 precibus,
868 2848 916 2880 ut
939 2836 1145 2891 sequenti
1170 2835 1225 2878 ad
1248 2848 1325 2877 eos
1349 2830 1693 2888 quadragesima
1714 2842 1863 2872 reuer-

239 2926 453 2961 terentur.

326 3006 396 3048 27.
463 2994 643 3048 Quibus
666 3008 721 3036 ex
744 2992 879 3035 rebus
903 2989 1111 3033 omnibus
1134 2989 1198 3041 fit,
1225 2994 1272 3029 ut
1297 3000 1386 3028 non
1410 2985 1528 3040 apud
1561 2995 1769 3025 romanos
1791 2995 1867 3023 so·
