1971 3276
267 232 335 267 554
774 218 966 252 POLANcr
994 224 1313 251 COMPLEMENTA

216 324 245 366 li
274 338 384 366 sono
418 329 531 365 state
565 327 688 364 certe
722 332 910 374 persone
944 316 1096 368 nobili,
1131 317 1171 357 la
1204 315 1454 358 mutatione
1488 315 1544 357 de
1577 315 1618 356 le
1650 313 1770 368 quali
1801 314 1859 355 ha

217 402 323 443 dato
348 398 664 451 marauigliosa
687 394 971 438 edificatione
995 394 1079 435 alla
1098 392 1221 435 citta.
1244 394 1394 434 D’una
1417 391 1568 432 donna
1587 390 1741 432 diuota
1766 403 1858 431 non

218 476 404 520 lasciero
427 477 481 518 de
504 475 571 517 dir
595 480 756 528 questo
779 472 823 513 in
848 470 1130 526 particolare:
1157 471 1242 511 che
1272 467 1577 510 ritrouandosi
1602 467 1686 509 alla
1717 472 1860 508 morte

218 554 329 595 d’un
354 553 559 601 inferum,
586 551 704 592 doue
729 563 817 591 non
842 548 877 589 si
903 555 1090 589 trouaua
1113 546 1142 587 il
1168 544 1479 601 parrochiano,
1509 543 1564 586 ne
1589 543 1722 586 alcun
1748 543 1862 584 altro

220 630 467 681 sacerdote,
503 628 557 669 ne
582 626 654 668 chi
690 626 859 668 facesse
882 623 1061 665 l'officio
1085 622 1129 664 di
1152 621 1323 664 charita
1347 621 1537 662 d'aiutar
1564 636 1588 662 a
1617 621 1705 662 ben
1730 618 1862 661 mori-

221 721 283 757 re,
309 707 393 747 ella
419 704 556 759 piglio
580 703 819 757 Pimpresa,
848 708 892 744 et
922 699 957 742 si
985 700 1054 742 nel
1086 700 1341 741 confortare
1371 705 1414 740 et
1444 697 1615 739 aiutare
1646 697 1749 751 quel
1781 697 1865 738 che

221 782 409 829 inoriua,
436 795 562 822 corne
588 780 702 822 nella
729 776 1198 820 raccommandatione
1229 774 1503 827 dell'aninia,
1531 775 1627 816 fece
1657 772 1685 814 il
1709 771 1863 815 debito

221 873 304 901 con
331 857 611 900 ammiration
637 856 825 911 grande,
853 862 897 897 et
921 868 1005 895 con
1031 853 1222 908 lagrime
1246 852 1315 894 de'
1335 850 1610 893 circostanti.

314 948 382 989 31.
450 934 498 977 Si
529 947 640 975 sono
669 945 809 974 ancor
842 931 950 972 fatte
985 930 1120 972 inolte
1149 942 1286 983 opere
1310 928 1398 983 pie.
1426 929 1528 970 Una
1554 926 1596 968 di
1630 926 1777 980 quelle
1802 925 1864 974 fu,

222 1013 307 1055 che
338 1011 551 1052 hauendo
584 1024 669 1051 una
707 1022 875 1064 pouera
909 1007 1058 1048 donna
1097 1006 1299 1047 uenduta
1336 1019 1413 1059 per
1449 1004 1633 1058 pouerta
1669 1017 1755 1044 una
1788 1015 1868 1043 sua

224 1089 392 1144 figliola
417 1088 618 1143 vergine,
652 1087 680 1127 il
712 1085 872 1141 giorno
903 1083 1148 1126 medesimo
1181 1084 1265 1125 che
1295 1083 1513 1124 s’haueua
1543 1079 1799 1134 d’eseguire
1827 1073 1869 1119 l’a

226 1179 348 1219 cosa,
376 1165 436 1219 gli
463 1167 508 1206 fu
537 1165 643 1205 tolta
669 1162 866 1204 dimano
891 1159 1164 1217 facendan]
1189 1159 1362 1201 riceuer
1395 1158 1437 1199 in
1463 1171 1563 1199 casa
1583 1158 1638 1199 de
1664 1171 1750 1198 una
1774 1170 1866 1210 per-

226 1258 335 1285 sona
370 1243 511 1283 molto
548 1243 786 1290 honorata,
827 1240 945 1281 (1030
979 1243 1264 1279 santamente
1305 1236 1424 1287 uiue;
1461 1243 1505 1276 et
1543 1233 1746 1287 un'altra,
1788 1233 1871 1275 che

229 1320 387 1361 stando
411 1333 501 1360 uno
524 1318 567 1359 in
599 1316 843 1359 continouo
866 1322 1056 1370 peccato
1081 1328 1165 1355 con
1192 1328 1280 1354 una
1307 1311 1488 1365 femina,
1523 1311 1557 1352 si
1583 1311 1679 1353 fece
1713 1311 1798 1351 che
1830 1309 1871 1350 la

230 1396 366 1451 piglio
392 1410 467 1450 per
491 1395 654 1449 isposa;
677 1400 720 1435 et
744 1408 768 1435 a
787 1392 964 1433 diuerse
987 1391 1191 1433 donzelle
1211 1390 1296 1431 che
1321 1404 1414 1431 non
1438 1391 1646 1430 haueuan
1671 1387 1775 1428 dote
1795 1400 1872 1440 per

231 1472 464 1522 maritarsi,
492 1472 527 1512 31
552 1470 574 1513 ὲ
599 1477 838 1525 procurato
869 1481 1078 1510 soccorso
1102 1465 1314 1508 d’alcune
1345 1479 1537 1520 persone
1568 1463 1805 1515 facultose‚
1830 1468 1874 1502 et

231 1549 267 1591 si
286 1564 396 1589 sono
419 1555 578 1590 cauate
607 1547 650 1588 di
681 1561 770 1587 non
803 1559 915 1599 poco
946 1543 1157 1599 pericolo.
1186 1542 1233 1585 Si
1255 1542 1276 1584 ὲ
1303 1555 1469 1583 ancora
1495 1542 1666 1582 hauuto
1691 1537 1875 1580 rimedio

234 1641 307 1681 per
347 1625 480 1666 molte
522 1638 710 1679 persone
742 1620 1012 1677 particolari,
1040 1619 1336 1661 assicurando
1360 1619 1400 1660 13
1432 1615 1673 1660 coscientia
1707 1616 1802 1657 loro
1830 1615 1875 1656 in

231 1703 408 1746 diuerse
429 1702 539 1757 parti
564 1701 679 1742 della
703 1697 987 1741 christianita
1011 1711 1095 1739 con
1132 1705 1208 1738 aut
1224 1695 1326 1738 Jrita
1350 1695 1466 1738 della
1491 1701 1619 1736 santa
1642 1693 1749 1735 sede
1771 1706 1873 1746 apo-

233 1779 406 1828 stolica,
432 1787 475 1819 et
500 1786 660 1832 questo
693 1775 851 1831 gratis,
876 1789 1010 1817 senza
1043 1787 1241 1816 nessuna
1264 1785 1411 1827 spesa3
1442 1779 1487 1814 et
1510 1785 1590 1826 per
1613 1769 1681 1811 dir
1710 1769 1765 1812 de
1789 1782 1878 1810 una

236 1857 300 1897 fra
331 1855 452 1896 molti
484 1853 755 1909 particolari,
797 1865 942 1893 venne
971 1865 995 1892 a
1036 1852 1174 1892 Roma
1215 1863 1302 1890 una
1344 1861 1537 1903 persona
1582 1847 1722 1888 molto
1751 1844 1876 1887 nobi-

235 1933 274 1975 le
304 1941 346 1973 et
379 1931 619 1986 principale
647 1931 730 1972 che
756 1936 918 1983 poteua
941 1927 986 1968 in
1010 1941 1115 1969 caso
1138 1926 1193 1968 de
1226 1933 1369 1967 morte
1401 1925 1509 1966 d'un
1542 1924 1656 1965 altra
1689 1936 1879 1977 persona

236 2010 328 2051 sola
351 2007 594 2049 succedere
617 2007 660 2047 in
688 2020 775 2046 uno
795 2012 912 2046 stato
936 2004 1074 2045 molto
1093 2002 1267 2058 grande
1287 2001 1384 2064 frai
1405 1999 1594 2055 principi
1620 1999 1808 2054 xpiani.‚
1835 2005 1880 2041 et

237 2093 396 2140 questo
418 2099 492 2126 era
515 2083 731 2128 heretico,
761 2081 833 2136 piu
853 2096 931 2136 per
957 2079 1230 2122 educatione
1249 2078 1291 2119 di
1317 2092 1399 2119 suo
1425 2078 1560 2132 padre
1585 2078 1689 2129 (che
1713 2090 1789 2117 era
1819 2089 1878 2116 un

238 2177 348 2217 gran
373 2161 592 2215 signore),
618 2161 701 2201 che
727 2174 802 2214 per
827 2156 1058 2212 malignita
1087 2156 1278 2211 propria.
1305 2156 1415 2196 Esso
1447 2167 1596 2196 uenne
1627 2151 1878 2194 dissimula-

240 2245 436 2280 tamente
460 2237 502 2278 in
529 2244 688 2290 questa
711 2234 818 2277 cittii
845 2248 923 2289 per
957 2233 1122 2275 uedere
1146 2232 1174 2272 11
1199 2232 1381 2281 mondo,
1414 2237 1458 2273 et
1484 2244 1570 2271 non
1603 2229 1639 2270 si
1669 2227 1861 2282 discopri

243 2330 296 2357 ua
329 2315 384 2356 ad
421 2329 477 2355 un
514 2319 697 2368 parente
734 2311 883 2354 nobile
916 2312 999 2352 che
1035 2311 1213 2352 haueua
1249 2308 1365 2351 nella
1395 2305 1693 2361 Compagnia,
1721 2305 1750 2346 il
1779 2303 1883 2358 qual

241 2392 370 2434 diede
394 2390 519 2432 auiso
543 2403 670 2431 come
694 2389 734 2429 la
759 2388 818 2430 tal
842 2400 1031 2442 persona
1056 2400 1130 2429 era
1155 2384 1248 2439 qui,
1274 2392 1317 2426 et
1340 2382 1433 2426 cosi
1460 2397 1519 2425 un
1546 2384 1602 2425 de
1627 2383 1667 2424 la
1687 2381 1883 2435 Compa-

243 2468 351 2523 gnia
373 2467 500 2509 33130
524 2467 552 2507 11
575 2465 772 2507 cardinal
799 2466 1061 2516 Borromeo,
1089 2462 1114 2503 il
1144 2462 1248 2516 qual
1271 2460 1420 2503 subito
1440 2461 1482 2501 lo
1501 2458 1633 2500 meno
1656 2458 1728 2499 dal
1752 2471 1882 2512 papa,

243 2554 286 2586 et
309 2544 500 2586 essendo
523 2557 605 2584 sua
627 2540 792 2584 santita
817 2540 1057 2582 informata
1081 2539 1137 2580 da
1161 2545 1325 2592 questo
1351 2536 1513 2586 padre,
1540 2543 1584 2578 et
1606 2534 1885 2576 intendendo

244 2620 273 2661 il
297 2621 431 2661 modo
454 2620 539 2661 che
568 2633 593 2660 a
616 2617 678 2659 lui
712 2631 878 2672 pareua
907 2616 963 2657 da
995 2614 1159 2658 tenersi
1196 2628 1275 2669 per
1308 2612 1452 2654 aiutar
1486 2618 1644 2665 questa
1677 2623 1882 2665 persona,

246 2696 364 2738 disse
387 2697 470 2738 che
488 2696 529 2736 la
548 2693 831 2749 Compagnia
850 2692 1064 2747 guidasse
1083 2690 1111 2731 il
1136 2689 1321 2745 negotio
1345 2702 1472 2730 corne
1490 2687 1657 2741 meglio
1680 2687 1721 2728 le
1739 2698 1883 2741 pares-

247 2786 309 2822 se,
337 2774 420 2814 che
442 2773 483 2814 le
506 2773 621 2813 daua
644 2785 726 2812 sua
749 2769 941 2812 autorita
968 2782 1044 2823 per
1069 2767 1263 2822 spender
1286 2767 1327 2807 la
1357 2779 1438 2807 sua
1464 2765 1613 2819 parola
1638 2765 1755 2806 doue
1777 2762 1884 2817 giu-

249 2847 422 2890 dicasse
458 2847 717 2890 conuenire.
762 2845 918 2889 Fecesi
957 2845 1148 2899 disegno
1187 2842 1231 2884 di
1272 2843 1415 2897 parlar
1457 2840 1819 2896 primierarnente
1864 2853 1889 2880 a

250 2931 407 2977 questa
431 2937 638 2977 persona,
664 2931 707 2965 et
732 2937 816 2964 con
843 2921 1135 2977 persuasione
1159 2932 1314 2962 cercar
1337 2917 1382 2959 di
1413 2917 1592 2972 ridurla‚
1626 2930 1697 2958 ma
1720 2915 1888 2957 andan-

251 3000 308 3042 (10
330 2999 415 3041 3113
438 3006 594 3041 stanza
617 3000 735 3042 doue
758 2997 1033 3053 alloggiaua‚
1056 2997 1152 3038 fece
1175 2995 1241 3037 dir
1267 2995 1351 3036 che
1368 3007 1458 3035 non
1484 2992 1529 3033 ui
1548 3006 1639 3046 era,
1659 2997 1703 3033 et
1728 2997 1886 3032 tenen-
