1971 3276
572 208 706 241 EPlST.
742 215 916 250 102.—24
936 207 1049 250 JUNn
1075 206 1160 248 1564
1596 205 1659 245 461

171 309 211 350 8.
278 308 413 362 Quod
452 309 507 350 ad
540 314 747 362 nepotem
778 306 791 326 ⁵
825 306 1002 359 attinet,
1038 305 1112 347 uix
1144 304 1447 359 agnosc[er]et
1486 304 1711 347 hominem

85 388 138 429 D.
163 387 218 428 V.
242 386 377 427 lllma.
401 386 458 426 ob
476 382 803 441 au[g]mentum
825 382 1041 437 corporis:
1063 382 1148 423 iam
1170 383 1261 424 fere
1280 388 1452 421 statura
1470 388 1604 433 equat
1624 395 1709 430 me,

87 463 156 504 uel
185 461 363 516 pauxilli
398 462 540 504 deest.
578 462 625 503 ln
659 459 926 513 eruditione,
964 458 1168 513 intelligo
1202 458 1258 499 ab
1291 456 1389 498 eius
1424 463 1713 510 praeceptore

83 539 203 592 quod
227 538 391 593 primas
423 545 572 580 teneat
611 537 654 578 in
689 551 770 578 sua
803 536 962 590 classe,
989 549 1103 590 quae
1138 534 1268 578 tertia
1301 540 1368 576 est
1398 533 1514 575 inter
1543 544 1584 585 7.
1621 534 1711 574 Au-

86 624 243 657 tumno
274 615 475 670 proximo
514 615 569 656 ad
604 622 697 656 2.³¹¹¹
730 614 1024 664 conscendet,
1062 626 1177 667 quae
1209 612 1502 654 humanitatis
1532 611 1712 662 dicitur,

89 692 162 734 ubi
176 682 352 746 praeter
371 691 598 746 politiores
623 691 791 733 litteras
809 691 986 742 latinas,
1007 697 1051 732 et
1070 702 1234 744 grecae
1257 688 1439 744 linguae
1462 695 1506 731 et
1530 686 1715 730 rethori-

85 783 159 811 ces
178 768 395 824 principia
416 769 672 810 traduntur.
702 769 749 809 In
773 767 989 810 modestia
1012 774 1057 810 et
1076 765 1241 808 iudicio
1262 766 1383 808 haud
1401 765 1541 807 dubio
1560 764 1602 805 in
1621 763 1715 806 dies

86 845 275 899 proficit3
303 853 345 887 et
372 845 530 887 crebro
553 844 842 899 interrogans
866 857 944 885 eos
973 843 1049 897 qui
1080 850 1294 898 praesunt
1324 842 1517 896 collegio
1540 855 1714 895 germa-

86 921 203 972 nico,
230 922 283 962 de
314 921 515 962 moribus
546 921 659 974 eius,
698 922 814 963 bene
845 934 1001 962 omnes
1029 934 1077 962 se
1108 921 1274 962 habere
1297 917 1524 972 intelligo;
1557 918 1716 960 crebro
1775 908 1787 920 ”

86 1007 252 1049 autem,
289 1005 335 1039 ut
366 997 538 1052 coepit,
573 998 792 1048 confiteri;
825 1004 867 1038 et
898 1004 965 1038 est
995 996 1143 1038 animo
1173 995 1280 1037 satis
1309 994 1442 1036 alacri
1471 1001 1515 1037 et
1545 994 1711 1048 quiet03

87 1074 181 1128 ipse
204 1074 406 1115 fortassis
425 1075 553 1128 plura
573 1073 753 1115 scribet.
776 1074 917 1128 Spero
938 1073 1056 1126 quod
1076 1087 1116 1113 m
1126 1073 1265 1114 ultum
1286 1070 1605 1113 consolationis
1625 1069 1718 1110 suis

88 1150 361 1204 profectibus
385 1158 429 1193 et
456 1152 510 1194 D.
539 1151 595 1193 V.
624 1151 787 1192 Illmae.
816 1157 861 1191 et
884 1149 977 1191 suis
1005 1148 1266 1203 parentibus
1289 1148 1465 1196 afferet,
1494 1148 1590 1188 Deo
1614 1160 1716 1201 pro·

96 1225 214 1280 pitio.

173 1317 214 1358 9.
282 1304 494 1344 Erasmus
528 1301 542 1321 ⁶
567 1302 733 1357 optime
756 1301 887 1344 etiam
922 1316 970 1344 se
1003 1302 1137 1355 gerit,
1163 1309 1206 1343 et
1228 1302 1284 1342 ab
1308 1300 1642 1342 institutoribus
1667 1313 1717 1340 ac

92 1378 456 1433 praeceptoribus
479 1393 580 1420 cum
608 1378 759 1433 primis
783 1379 990 1420 laudatur
1013 1385 1057 1419 et
1076 1378 1296 1433 diligitur.
1320 1377 1451 1419 Valet
1477 1384 1569 1417 tum
1585 1378 1717 1432 Joan-

89 1469 167 1496 nes
206 1462 298 1496 tum
341 1455 451 1510 ipse.
485 1455 624 1499 ,Valet
658 1455 792 1498 etiam
834 1457 884 1497 P.
928 1456 983 1498 N.
1029 1454 1308 1509 praepositus
1338 1453 1641 1505 mediocriter,
1677 1460 1719 1494 et

92 1533 140 1573 P.
168 1532 340 1573 Natalis
363 1532 438 1586 qui
462 1531 780 1574 salutationem
802 1531 1168 1573 humanissimam
1194 1533 1249 1573 D.
1272 1532 1327 1573 V.
1354 1532 1506 1572 Rmae.
1530 1537 1574 1573 et
1593 1543 1719 1571 acce-

94 1607 156 1662 pit
179 1621 281 1649 cum
306 1608 481 1650 actione
512 1607 783 1662 gratiarum,
817 1615 860 1650 et
891 1607 1035 1650 reddit
1067 1622 1121 1650 ex
1151 1608 1316 1658 animo3
1349 1615 1393 1648 et
1424 1607 1605 1648 demum
1641 1620 1723 1647 nos

87 1698 243 1726 omnes
268 1686 322 1727 D.
351 1685 406 1726 V.
439 1684 602 1727 Illmae.
631 1684 846 1738 obsequia
870 1691 1022 1725 nostra
1041 1692 1241 1726 amanter
1261 1683 1508 1734 offerimus,
1534 1689 1579 1724 et
1601 1682 1718 1736 ejus·
1745 1691 1749 1694 ⁴

88 1761 188 1803 dem
232 1768 249 1785 ³
286 1760 553 1816 charitati[s]
594 1760 761 1803 sanctis
799 1760 1078 1802 orationibus
1116 1767 1160 1803 et
1198 1759 1452 1809 sacrificiis,
1494 1758 1720 1800 humiliter

88 1837 390 1878 commendari
422 1837 645 1891 cupimus.
682 1839 927 1879 Doctorem
962 1837 1254 1879 Theodorum
1285 1836 1551 1878 Laudanum
1582 1834 1599 1858 b
1633 1849 1722 1876 non

91 1927 268 1967 possum
294 1913 428 1956 etiam
454 1928 542 1955 non
568 1914 884 1956 commendare
903 1913 1059 1969 pietati
1079 1915 1131 1957 D.
1157 1915 1214 1957 V.
1236 1913 1421 1965 Illmae.,
1444 1927 1558 1966 quae
1576 1912 1719 1954 valeat

89 1989 344 2033 felicissime
364 1991 408 2032 in
435 1990 642 2032 Domino.
673 1992 840 2033 Romae
864 1990 934 2032 die
960 2002 1015 2043 24
1039 1990 1160 2044 Junii
1194 1990 1318 2043 1564.

179 2066 436 2120 Inscriptio.
465 2067 522 2108 Al
547 2066 791 2108 medesimo
814 2073 845 2109 ⁰.

178 2143 288 2184 Post
311 2143 546 2197 scriptum.
575 2143 676 2185 Non
700 2143 902 2185 omittam
933 2143 1039 2197 quin
1071 2150 1344 2197 stratagema
1377 2143 1485 2183 illud
1517 2143 1572 2183 de
1597 2142 1722 2183 auxi-

91 2218 337 2262 liatricibus
362 2218 501 2273 copiis
526 2219 758 2262 foemineis
781 2219 837 2261 ad
861 2219 1120 2260 maritorum
1145 2218 1528 2273 expugnationem
1558 2218 1626 2260 uel
1646 2232 1720 2272 po-

91 2295 177 2337 tius
213 2295 521 2338 reductionem
551 2296 606 2337 ad
635 2296 858 2338 saniorem
888 2303 1082 2337 mentem
1108 2295 1335 2345 adhibitis,
1364 2295 1579 2336 affirmem
1605 2308 1724 2335 com-

95 2372 400 2414 mendandum
424 2372 607 2413 omnino
630 2371 888 2414 existimari.
919 2372 1041 2426 Quid
1065 2371 1182 2414 enim
1210 2371 1392 2425 mirum,
1422 2370 1496 2411 ubi
1528 2385 1720 2424 praepo-

91 2454 208 2491 stero
232 2447 393 2490 ordine
417 2448 578 2503 desipit
604 2448 669 2489 uir
692 2456 735 2490 et
755 2448 869 2502 sapit
891 2463 1014 2499 uxor,
1034 2448 1068 2488 si
1093 2447 1210 2488 domi
1234 2447 1298 2488 uir
1319 2448 1373 2488 ab
1401 2460 1540 2487 uxore
1560 2447 1721 2488 discat?

161 2616 178 2633 a
233 2605 453 2641 Obscurum
475 2607 649 2641 verbum.
702 2608 769 2633 —b
800 2606 972 2651 Confuse
990 2609 1216 2646 examitum,
1233 2605 1345 2648 sorte
1365 2604 1605 2648 Cendanum,
1624 2605 1721 2640 Cau-

90 2665 246 2699 danum.
302 2673 363 2691 -e
393 2665 605 2699 Praecedit
628 2666 793 2710 epistola
818 2665 953 2699 Lainii
971 2666 1024 2698 ad
1042 2665 1291 2699 cardinalem
1329 2665 1613 2700 Varmiensem.

162 2820 175 2839 ⁵
221 2820 388 2864 Joannes
410 2819 564 2863 Hosius,
586 2820 664 2865 qui,
687 2825 727 2854 ut
745 2820 923 2864 superius
948 2818 1130 2863 diximus,
1151 2818 1338 2852 Tridento
1366 2819 1526 2852 Romam
1555 2830 1643 2853 cum
1664 2830 1729 2853 no-

94 2878 182 2912 stris
201 2877 399 2912 sodalibus
418 2878 643 2914 advenerat.

162 2937 175 2956 ‘⁵
224 2938 405 2971 Erasmus
424 2936 613 2971 Dialinius
632 2937 845 2981 appellatur
865 2936 902 2970 in
918 2936 1080 2981 epistola
1097 2934 1217 2970 Lainii
1234 2935 1281 2970 ad
1299 2936 1532 2970 cardinalem
1550 2937 1729 2971 Hosium-

95 2993 228 3028 eodem
247 2993 313 3029 die
333 2995 434 3040 data,
453 3006 550 3040 quae
570 2995 667 3028 hanc
689 2994 911 3028 immediate
933 2993 1130 3039 praecedit
1151 2994 1188 3028 in
1218 2993 1354 3028 eodem
1375 2994 1523 3029 codice.
