1971 3276
293 229 363 272 526
780 228 970 263 PoLANc1
997 236 1316 262 COMPLEMENTA

336 339 406 382 55.
474 329 511 371 Y
530 330 708 371 hastata
731 329 772 370 lo
797 329 930 370 dicho
955 336 1060 383 para
1084 343 1170 383 que
1195 330 1254 371 V.
1288 330 1403 373 Sria.
1427 343 1511 372 uea
1535 328 1571 370 si
1594 329 1634 372 el
1658 337 1882 384 concepto

246 420 333 456 que
356 420 413 460 yo
438 413 577 461 tengo
602 407 730 448 desta
750 406 1019 460 Compafiia,
1045 420 1093 448 es
1111 406 1342 448 conforme
1360 421 1384 447 3
1404 409 1537 447 razon
1562 421 1588 448 0
1611 420 1684 457 ηο;
1713 420 1823 460 pues
1845 407 1884 448 el

245 483 452 525 instituto
475 483 591 525 della
620 498 667 524 es
697 483 753 525 de
788 489 912 523 tanta
946 482 1210 536 perfecti6n‚
1247 483 1506 537 approuado
1531 497 1612 537 por
1635 483 1676 524 el
1706 496 1882 523 summo

248 559 444 601 tribunal
469 560 525 602 de
549 560 588 600 13
607 566 763 601 sancta
788 559 894 601 sede
916 559 1160 612 apostolica
1184 573 1212 614 y
1235 559 1497 601 auctoridad
1521 560 1593 602 del
1616 558 1820 611 concilio,
1856 574 1884 613 y

245 650 302 677 no
326 650 482 678 menos
504 635 782 677 confirmado
807 649 891 677 con
922 636 961 676 la
992 635 1144 678 diuina
1173 635 1367 678 electiori
1398 650 1424 690 y
1450 635 1770 691 approuaeic'm,
1798 650 1885 690 que

243 727 291 755 se
315 727 397 755 uee
420 727 475 755 en
498 713 538 754 la
561 712 718 767 origen
742 727 770 767 y
796 726 1036 767 progresso
1059 727 1114 754 en
1139 713 1203 754 las
1227 712 1516 755 fundationes
1539 727 1568 768 y
1587 719 1725 767 gente
1744 713 1879 763 della3

241 804 268 844 y
293 789 550 832 finalmente
572 803 628 830 en
647 790 687 832 el
712 790 862 830 frueto
885 803 974 843 que
996 796 1124 832 entre
1147 789 1411 840 catholicos,
1434 789 1658 833 hereticos
1676 803 1704 844 y
1724 788 1881 831 infide-

243 867 305 908 les
327 880 431 908 saca
454 867 567 908 della
591 867 632 908 la
656 873 812 908 saneta
836 865 1025 921 yglesia.

331 944 401 997 56
471 944 508 985 Y
532 952 627 985 esta
656 958 704 986 es
734 944 774 985 13
807 942 1004 985 sumaria
1033 943 1327 985 informacic'm
1359 957 1446 998 que
1476 944 1603 985 desta
1627 944 1877 999 Comparn'a

242 1035 311 1063 ine
335 1022 389 1062 ha
413 1020 623 1076 pareeido
647 1021 727 1062 dar
751 1035 775 1062 3
800 1020 856 1062 V.
885 1021 1020 1070 Sria„
1046 1034 1133 1074 que
1153 1034 1258 1062 creo
1283 1021 1461 1063 bastara
1485 1035 1590 1076 para
1614 1021 1656 1061 lo
1680 1034 1767 1074 que
1786 1035 1882 1075 pre-

242 1097 392 1138 tiende
416 1098 547 1140 saber
572 1098 708 1140 della.
742 1098 781 1139 Y
805 1096 841 1138 si
868 1100 961 1138 mas
986 1111 1066 1151 por
1095 1098 1291 1139 menudo
1314 1112 1341 1152 y
1372 1111 1428 1139 en
1454 1097 1694 1152 particular
1721 1100 1884 1150 querra'.

241 1188 312 1216 ser
335 1173 589 1214 informado
611 1174 665 1216 (le
689 1175 880 1228 algunas
903 1187 1048 1227 cosas,
1074 1188 1129 1228 yo
1155 1188 1211 1215 no
1234 1174 1399 1216 dexare
1421 1174 1477 1215 de
1507 1173 1711 1224 seruirla,
1738 1177 1801 1215 asi
1827 1188 1881 1216 θη

241 1257 338 1291 esto
362 1263 491 1291 corno
509 1264 565 1291 en
592 1250 633 1290 lo
657 1250 810 1291 demas
835 1264 922 1303 que
946 1264 1016 1292 me
1040 1251 1268 1302 mandarat,
1295 1265 1321 1305 y
1347 1266 1370 1292 3
1394 1253 1452 1292 mi
1478 1252 1602 1293 fuere
1628 1250 1814 1305 posible.
1845 1251 1880 1292 Y

244 1326 348 1367 todo
371 1341 446 1369 sea
473 1341 496 1367 3
523 1326 673 1380 gloria
697 1328 753 1367 de
778 1326 960 1368 Christo
984 1336 1166 1368 nuestro
1190 1333 1336 1379 senor,
1357 1341 1486 1369 como
1506 1328 1659 1370 fuente
1675 1341 1702 1381 y
1721 1326 1882 1382 prinei-

244 1403 316 1456 pio
339 1403 466 1446 deste
491 1418 517 1457 y
542 1403 597 1444 de
622 1402 726 1443 todo
750 1402 869 1444 bien.
898 1403 922 1443 8
947 1403 1002 1445 de
1029 1403 1285 1445 Diziembre
1311 1404 1436 1457 1564.

337 1479 525 1530 Titulus,
545 1493 686 1520 manu
707 1480 765 1520 P.
781 1479 978 1521 Natalis.
996 1479 1022 1534 -1-
1037 1481 1083 1521 1³.
1097 1479 1333 1523 Generalis
1352 1488 1394 1522 et
1414 1480 1580 1535 scripta
1603 1482 1651 1522 P.
1678 1479 1878 1522 Polanei.

331 1556 437 1597 Alia
460 1570 618 1597 mama.
647 1557 715 1598 De
740 1555 948 1596 Instituto
972 1555 1231 1600 Societatis.
1264 1557 1388 1610 1564.
1420 1559 1468 1600 P.
1501 1556 1697 1600 Polanei.

625 1790 670 1824 P.
715 1790 899 1826 SIMON
948 1790 1174 1826 ssELOST
1218 1789 1506 1827 POLANCO

708 1894 895 1920 LOVANro
927 1894 968 1930 19
995 1894 1236 1921 DECEMBms
1269 1886 1356 1930 1564
1385 1887 1409 1921 ¹.

236 1987 268 2014 Ι.
290 1978 393 2012 Ρεΐιί
411 1978 620 2023 assignari
637 1979 813 2023 aliquem
832 1979 901 2023 qui
919 1980 1044 2013 Roma
1063 1980 1117 2013 ad
1134 1991 1223 2013 eum
1240 1980 1286 2013 de
1307 1980 1420 2013 rebus
1438 1980 1656 2024 anglorum
1670 1980 1875 2015 senhcui.-

308 2046 342 2071 2.
361 2036 470 2071 Scire
485 2037 591 2081 cupit
608 2049 704 2071 num
720 2038 894 2082 quinque
908 2038 1025 2083 angli
1039 2039 1143 2072 salvi
1159 2039 1200 2072 in
1225 2038 1365 2073 Urbem
1385 2039 1746 2084 [›ervenerint.—3.
1770 2040 1880 2074 Alios

308 2107 458 2140 quoque
477 2097 623 2141 anglos
642 2097 717 2130 cito
738 2100 924 2130 venturos
945 2097 1224 2140 nunciat.—4.
1242 2097 1439 2131 Hibernos
1457 2098 1665 2131 catholicos
1679 2097 1725 2130 de
1745 2098 1880 2142 anglis

310 2156 522 2189 victoriam
542 2158 765 2200 reportasse
784 2156 934 2192 dicunt.

334 2256 369 2286 Ι.
430 2246 582 2301 Jesus.
616 2245 773 2287 Maria.
808 2247 899 2287 Pax
934 2245 1113 2287 Domini
1138 2246 1276 2287 nostri
1304 2247 1413 2302 jesu
1439 2246 1625 2297 Christi,
1661 2254 1747 2289 ete.
1775 2246 1877 2289 Alia

237 2321 363 2363 vobis
396 2329 573 2376 praeter
604 2328 753 2365 vestra
787 2321 1047 2376 quotidiana
1076 2322 1190 2363 seria
1215 2322 1400 2377 negotia
1429 2323 1658 2377 imponere
1681 2337 1874 2377 aequum

237 2412 336 2441 esse
371 2412 459 2439 non
497 2399 775 2441 censendum
808 2406 892 2440 est.
928 2399 1029 2441 Ideo
1060 2398 1166 2439 mihi
1197 2399 1399 2453 assignet
1430 2401 1510 2441 R.‘²
1540 2407 1616 2441 tua
1645 2415 1700 2442 ex
1729 2399 1877 2455 anglis

236 2489 371 2516 vnum
397 2474 472 2529 qui
493 2475 766 2529 quandoque
789 2475 832 2516 in
858 2476 991 2517 rebus
1017 2477 1254 2530 anglorum
1281 2476 1508 2530 gerendis,
1535 2490 1610 2531 per
1631 2476 1780 2518 literas
1810 2490 1873 2517 re-

237 2551 461 2604 spondeat
485 2558 515 2593 Β.
541 2551 691 2593 Audio
714 2551 832 2594 enim
860 2553 910 2592 R.
942 2552 991 2592 P.
1020 2552 1239 2593 Thomani
1261 2552 1576 2594 Darbishirum
1600 2551 1613 2571 ²
1644 2553 1873 2594 doctorem

307 2682 323 2698 a
374 2673 420 2705 In
442 2674 642 2718 margine,
663 2674 830 2708 Polancz'
851 2685 989 2707 manu:
1010 2674 1135 2707 scriua
1154 2685 1264 2708 come
1285 2674 1308 2708 li
1326 2674 1412 2708 altri
1432 2674 1534 2708 anni.

307 2784 316 2802 ¹
371 2785 425 2817 Ex
457 2786 697 2829 autographo
730 2785 767 2819 in
798 2785 931 2819 codice
972 2786 1108 2820 Germ.
1139 2794 1215 2829 145
1244 2786 1363 2831 (prius
1399 2786 1535 2820 Germ.
1571 2786 1698 2831 Epist.
1732 2786 1867 2830 1564),

234 2840 298 2876 fol.
318 2850 420 2885 27or.
443 2842 485 2877 In
514 2844 686 2888 margine
714 2845 902 2889 superiori
931 2850 1085 2879 exstant
1106 2846 1254 2879 numeri
1283 2843 1364 2889 318,
1387 2843 1454 2878 283
1475 2845 1551 2887 (hic
1578 2844 1763 2890 deletus),
1787 2853 1868 2888 172.

235 2899 295 2933 Ad
314 2910 418 2933 oram
444 2902 639 2936 sinistram
667 2903 793 2948 aliqua
822 2904 939 2936 verba
959 2903 1114 2947 scripsit
1141 2904 1343 2947 Polancus,
1371 2915 1470 2949 quae
1498 2902 1561 2937 vix
1587 2903 1665 2948 legi
1694 2911 1870 2949 possunt.

304 2958 315 2976 ²
369 2959 542 2993 Exeunte
571 2972 703 2994 mense
731 2961 953 3006 Septembri
980 2961 1093 3006 hujus
1120 2962 1209 2995 anni
1231 2963 1448 3006 Augustam
1479 2961 1765 2996 Vindelicorum
1791 2962 1868 3007 jam

234 3023 477 3061 pervenerat.
500 3017 559 3052 Cf.
583 3020 940 3063 BRAUNSBERGER,
965 3020 1030 3065 IV,
1051 3021 1133 3063 682,
1156 3030 1236 3065 599,
1258 3021 1340 3064 648.
