1971 3276
278 223 345 257 286
781 221 971 256 PorANcr
999 227 1319 255 COMPLEMENTA

230 338 337 365 num
361 322 614 374 multitudo,
632 322 675 363 in
698 320 940 377 primisque
956 334 1292 376 germanorum,
1310 319 1440 362 cuius
1459 319 1530 362 ille
1547 319 1697 375 gentis
1715 334 1863 363 aman-

233 400 430 441 tissimus
465 406 556 453 est,
590 398 755 454 quippe
785 412 886 440 cum
913 397 956 438 in
987 411 1039 439 ea
1069 396 1300 451 prouincia
1324 396 1500 438 diucius
1531 403 1738 439 uersatus
1769 397 1864 438 fue-

231 478 301 529 rit;
329 478 385 519 de
404 491 491 531 qua
516 490 619 518 cum
643 476 923 530 loqueretur,
950 473 1164 515 foeliciter
1187 473 1231 514 in
1258 487 1310 514 ea
1335 480 1512 514 nostros
1530 473 1731 514 laborare
1749 473 1865 515 dice-

229 555 321 598 bat.
349 555 468 597 Idem
497 555 628 595 Pater
653 551 924 607 perlibenter
948 558 993 591 et
1023 549 1223 592 hilariter
1245 549 1420 605 accepit
1443 550 1484 592 el
1512 548 1623 604 legit
1647 550 1866 604 quaedam

229 644 391 685 graeca
427 637 470 674 et
505 629 643 671 latina
675 628 1002 683 epigrammata
1033 642 1058 668 a
1091 626 1256 669 nostris
1291 626 1460 668 oblata.
1496 627 1593 670 Sub
1627 640 1864 680 vesperum

229 708 389 750 eodem
415 705 796 748 cubiculariorum
827 703 1011 746 decurio
1045 703 1184 754 uenit,
1214 710 1260 745 ut
1292 704 1345 746 P.
1378 702 1668 745 Franciscum
1699 703 1866 745 saluta-

230 792 310 835 ret,
343 783 474 838 eique
504 781 729 838 pontificis·
760 780 939 822 nomine
968 779 1292 822 habitationem
1324 780 1367 822 in
1400 779 1563 834 palatio
1599 779 1863 834 apostolico,

228 869 272 903 et
309 860 628 914 quodcumque
668 857 971 901 necessarium
1013 863 1149 908 esset,
1186 857 1384 909 offerret3
1422 855 1699 911 significauit
1732 855 1864 898 etiam

228 945 407 993 gratum
443 935 728 978 sanctissimo
770 935 891 977 Patri
928 934 1065 976 fuisse
1103 935 1200 989 ejus
1234 934 1498 989 aduentum,
1539 940 1584 976 et
1623 932 1865 988 gratiorem

230 1017 425 1056 futuram
448 1012 762 1056 salutationem
794 1018 930 1066 atque
955 1011 1271 1067 praesentiam3
1298 1010 1367 1052 his
1402 1011 1463 1052 ita
1486 1009 1863 1063 colloquentibus,

230 1091 525 1133 lusitanorum
562 1089 682 1145 regis
716 1096 866 1132 orator
889 1088 1150 1144 interuenit,
1179 1088 1256 1142 qui
1286 1088 1495 1132 eumdem
1522 1088 1702 1129 Patrem
1732 1085 1867 1128 officii

228 1183 364 1211 causa
389 1167 629 1209 inuisebat.
656 1166 869 1209 Ceterum
893 1165 966 1207 ille
995 1180 1085 1207 non
1110 1165 1265 1207 multis
1291 1163 1536 1208 interiectis
1566 1163 1725 1205 diebus
1754 1177 1865 1218 pon-

229 1246 394 1288 tificem
418 1244 542 1298 adiit,
570 1259 593 1285 a
617 1257 706 1298 quo
735 1243 788 1284 ad
816 1243 979 1297 pedum
1013 1243 1166 1284 oscula
1195 1241 1450 1284 humaniter
1475 1240 1697 1282 admissus
1730 1247 1773 1282 et
1797 1239 1863 1280 hi-

227 1322 307 1365 lari
338 1323 467 1364 uultu
500 1328 732 1376 acceptus,
766 1328 809 1363 et
832 1319 1118 1374 amplissimis
1142 1326 1211 1361 est
1236 1317 1387 1360 uerbis
1416 1318 1714 1368 collaudatus,
1747 1316 1866 1370 quod

231 1399 439 1442 uidelicet
462 1397 631 1440 Christi
654 1407 840 1439 secutus
863 1395 1115 1447 consilium,
1142 1402 1376 1437 terrestres
1401 1409 1527 1449 opes,
1548 1396 1770 1435 humanos
1788 1394 1864 1434 ho-

228 1490 377 1528 nores,
415 1489 466 1517 ac
500 1475 750 1516 mundanas
772 1473 949 1516 delitias
973 1472 1268 1528 repudiasset,
1298 1479 1345 1513 ut
1368 1485 1446 1527 per
1470 1470 1654 1526 spiritus
1678 1484 1867 1525 pauper—

229 1562 381 1604 tatem,
427 1551 673 1605 mundique
711 1556 1038 1605 contemptum,
1080 1549 1291 1592 caelestia
1326 1549 1460 1603 bona,
1502 1554 1546 1590 et
1584 1546 1864 1589 inmortalem

227 1630 415 1685 gloriam
444 1629 857 1684 sempiternamque
885 1626 1209 1670 beatitudinem
1240 1632 1611 1680 consequeretur:
1645 1638 1735 1678 quo
1765 1623 1864 1677 qui-

228 1708 328 1750 dem
352 1706 657 1762 pulcherrimo
677 1706 813 1759 facto,
835 1704 1073 1759 egregium
1098 1702 1389 1757 euangelicae
1411 1700 1589 1744 uirtutis
1613 1700 1864 1754 exemplum

229 1785 391 1826 ceteris
413 1782 709 1838 praebuisset.

317 1861 358 1902 6.
427 1861 599 1902 Interea
616 1858 867 1913 jubilaeum
892 1857 1171 1912 propositum
1197 1863 1264 1898 est
1288 1870 1338 1897 ac
1364 1855 1717 1910 promulgatum,
1744 1853 1862 1907 quod

229 1937 345 1979 idem
368 1935 654 1978 sanctisimus
682 1937 814 1977 Pater
837 1948 889 1975 ac
921 1934 1130 1975 dominus
1161 1940 1311 1974 noster
1338 1947 1415 1987 pro
1448 1931 1561 1973 felici
1587 1938 1755 1973 euentu
1789 1929 1863 1971 tri—

228 2012 399 2056 dentini
423 2011 598 2054 concilii
629 2011 828 2066 proxime
857 2018 924 2053 est
947 2010 1164 2063 elargitus
1254 2009 1481 2063 Quocirca
1512 2008 1702 2049 multum
1742 2014 1809 2048 est
1840 2021 1864 2047 a

230 2089 393 2132 nostris
421 2087 731 2131 sacerdotibus
761 2091 970 2140 (quorum
1002 2100 1217 2127 numerus
1242 2086 1283 2126 in
1315 2085 1508 2140 collegio
1539 2092 1606 2127 est
1631 2084 1723 2138 jam
1749 2097 1861 2137 qua-

228 2165 536 2221 dragenarius,
564 2165 683 2206 domi
708 2164 991 2217 uicenarius>‚
1019 2163 1062 2204 in
1088 2162 1323 2204 audiendis
1352 2161 1713 2203 confessionibus
1738 2161 1862 2202 labo-

231 2252 389 2297 ratum,
418 2256 499 2284 nec
530 2242 625 2285 sine
654 2256 820 2296 magno
850 2240 1164 2282 confitentium
1202 2239 1367 2293 fructu,
1403 2239 1476 2292 qui
1508 2238 1667 2280 diebus
1697 2237 1865 2291 aliquot

230 2321 485 2374 frequentes
503 2319 558 2361 ad
578 2325 779 2359 nostrum
801 2318 1014 2371 templum
1034 2317 1370 2358 confluxerunt.
1401 2315 1671 2369 Complures
1696 2322 1861 2365 autem,

229 2412 342 2451 quae
367 2396 523 2451 partim
549 2395 670 2436 inani
704 2401 842 2444 metu,
880 2393 1037 2448 partim
1076 2393 1325 2448 perniciosa
1351 2390 1623 2435 uerecundia
1648 2404 1724 2445 per
1754 2391 1863 2431 mul-

231 2482 298 2515 tos
321 2487 461 2515 annos
484 2471 527 2513 in
553 2471 648 2513 aliis
671 2470 1028 2513 confessionibus
1052 2471 1335 2513 caelauerant
1357 2468 1542 2524 flagitia,
1572 2467 1734 2509 nostris
1762 2481 1863 2521 ape-

232 2557 435 2593 ruerunt.
462 2550 563 2591 Non
589 2548 718 2603 pauci
744 2547 876 2589 etiam
904 2547 1040 2588 totius
1069 2555 1172 2588 ante
1197 2554 1323 2589 actae
1340 2546 1459 2588 uitae
1482 2553 1665 2599 peccata
1689 2544 1862 2586 confes-

230 2627 282 2674 si,
316 2626 369 2668 ad
396 2627 557 2667 bonam
590 2627 766 2677 frugem
807 2639 853 2665 se
889 2631 1169 2678 receperunt.
1203 2622 1398 2677 Quidam
1429 2622 1524 2663 aliis
1554 2620 1864 2663 sacerdotibus

230 2703 422 2745 confessi
446 2717 547 2744 cum
574 2716 729 2756 parum
755 2700 907 2742 animo
931 2700 1320 2754 conquiescerent,
1342 2698 1670 2740 confessionem
1698 2695 1863 2737 nostris

169 2832 175 2837 ἢ
232 2789 433 2833 repetere
459 2779 713 2820 uoluerunt.
743 2777 833 2819 Alii
857 2791 969 2830 quos
987 2776 1062 2817 diu
1086 2777 1155 2818 uel
1181 2776 1432 2818 simultates
1450 2783 1493 2817 et
1513 2773 1767 2815 inimicitiae
1793 2772 1860 2813 uel

302 2962 314 2980 ⁵
366 2960 476 2994 Edita
496 2966 555 2994 est
574 2962 675 2994 bulla
693 2961 851 3004 jubilaei
879 2960 940 2994 die
972 2968 1010 3003 {4
1036 2960 1133 2993 Nov.
1170 2961 1267 3002 1561.
1291 2958 1348 2993 Cf.
1380 2959 1568 3001 MERKLtz‚
1591 2968 1654 3002 op.
1681 2957 1761 2998 cit„
1779 2955 1858 3000 361,

231 3029 313 3063 551·
