1971 3276
259 233 329 266 600
445 221 449 225 ’
761 230 947 265 POLANcl
973 237 1286 265 coMPLEMENTA

211 331 328 387 cipio
349 331 393 373 di
416 339 575 387 questo
599 345 719 374 mese
741 331 982 374 d'Ottobre
1015 344 1102 372 una
1127 329 1306 385 predica
1336 345 1360 372 a
1392 329 1496 372 tutti
1531 329 1666 384 quelli
1696 329 1740 371 di
1769 344 1850 371 sua

210 423 329 461 casa,
355 409 472 451 nella
497 408 628 462 quale
644 407 792 462 doppo
809 407 981 449 hauerli
1000 413 1261 462 essagerato
1282 405 1469 449 l’ultimo
1503 407 1592 449 fine
1615 407 1731 450 della
1750 407 1857 450 bea·

212 485 420 536 titudine,
447 500 523 539 per
547 485 587 526 la
610 485 740 538 quale
766 484 898 526 furno
920 483 1072 534 creati,
1099 491 1143 525 et
1167 483 1196 524 li
1219 483 1359 526 mezzi
1379 484 1434 525 de
1460 483 1487 524 li
1512 483 1654 525 diuini
1676 491 1851 538 precet-

216 563 261 614 ti,
285 570 329 604 et
352 563 407 605 de
429 561 471 603 la
494 569 622 603 santa
644 560 812 611 chiesa,
837 560 865 602 li
889 560 1038 602 animo
1063 575 1087 602 a
1105 560 1360 611 osseruarli3
1390 568 1434 601 et
1456 575 1481 602 a
1505 568 1664 614 questo
1693 560 1850 602 effetto

216 640 244 680 li
270 653 458 694 propose
486 646 608 681 certe
645 637 930 688 ordinationi,
961 639 1044 678 che
1073 637 1128 679 ad
1157 638 1264 691 ogni
1300 637 1433 678 modo
1467 638 1628 679 uoleua
1660 638 1848 679 s'osser-

218 716 413 758 uassino:
440 729 525 756 vna
543 714 658 757 delle
676 713 795 769 quali
814 715 876 767 fu,
898 715 981 757 che
999 713 1202 768 ogniuno
1219 713 1339 756 dessi
1358 713 1387 754 il
1411 728 1492 755 suo
1513 728 1645 755 nome
1665 714 1707 755 in
1728 722 1849 764 nota,

215 801 258 835 et
281 793 342 846 gli
367 791 513 833 ordini
536 790 652 833 sacri
677 790 834 832 minori
857 805 883 832 o
908 790 1146 845 maggiori,
1179 798 1221 832 et
1254 789 1440 832 insieme
1476 790 1504 831 li
1530 790 1739 833 beneficii
1763 792 1850 833 che

218 876 433 923 tengon0‚
458 868 621 922 perche
643 867 908 910 desideraua
925 868 1100 921 saperlo
1121 881 1197 921 per
1216 881 1298 909 sua
1315 866 1647 909 sodisfattione.
1669 867 1724 908 Et
1743 881 1851 921 que·

218 953 286 987 sto
311 960 414 1000 pare
438 946 478 986 lo
504 944 659 994 faccia,
685 943 809 985 accio
834 943 971 986 niuno
994 943 1158 985 habbia
1182 943 1256 998 pit]
1279 943 1324 985 di
1344 944 1548 998 quelche
1567 944 1681 986 deue
1707 951 1848 994 tener,

217 1036 242 1063 o
266 1023 348 1063 che
373 1035 461 1063 non
480 1020 588 1063 lasci
605 1021 649 1062 di
670 1021 733 1063 far
753 1022 793 1062 la
818 1020 1065 1071 residenza‚
1088 1020 1280 1063 essendo
1303 1020 1522 1075 obligato,
1549 1028 1592 1062 et
1619 1035 1694 1075 per
1715 1021 1852 1062 ueder

216 1113 264 1141 se
286 1098 401 1140 deue
423 1097 616 1139 conferir
640 1098 835 1151 qualche
864 1096 1084 1139 beneficio
1117 1097 1160 1138 di
1196 1110 1364 1150 nuouo,
1391 1106 1435 1138 et
1454 1111 1478 1138 a
1502 1097 1605 1151 qual
1636 1106 1851 1152 soggetto

216 1176 259 1216 lo
281 1175 411 1218 debia
435 1174 672 1217 conferire.
710 1173 1113 1217 Medesimamente
1142 1173 1302 1215 ordino
1331 1175 1418 1216 che
1448 1173 1475 1214 li
1506 1174 1743 1224 sacerdoti,
1771 1188 1842 1215 an-

218 1252 380 1293 corche
400 1266 488 1293 non
513 1250 710 1292 habbino
732 1250 958 1301 beneficii,
985 1250 1146 1292 dicano
1170 1250 1210 1292 la
1235 1264 1380 1292 messa
1404 1250 1511 1305 ogni
1537 1250 1714 1305 giorno,
1743 1266 1768 1291 o
1792 1251 1852 1292 al·-

222 1342 353 1371 meno
377 1335 442 1369 tre
467 1328 586 1369 uolte
609 1327 649 1369 la
672 1326 927 1382 settimana,
961 1341 1035 1381 per
1065 1341 1154 1368 non
1186 1341 1366 1369 mancat
1397 1326 1620 1369 all’utilitz‘i
1654 1327 1848 1382 publica,

221 1419 296 1459 per
320 1405 360 1446 la
383 1405 513 1459 quale
539 1404 585 1445 fu
608 1403 830 1445 instituito
864 1411 1024 1458 questo
1057 1403 1311 1446 santissimo
1342 1403 1576 1446 sacrificio.
1613 1404 1720 1458 Agli
1752 1403 1850 1446 altri

220 1481 448 1534 (massime
475 1480 652 1523 diaconi
683 1496 708 1522 o
741 1480 1020 1534 subdiaconi)
1051 1482 1134 1522 che
1169 1481 1372 1522 almarico
1406 1480 1515 1535 ogni
1556 1490 1604 1534 15
1637 1480 1782 1535 giorni
1813 1480 1848 1521 si

216 1557 623 1600 communicassem
652 1572 731 1612 per
764 1558 948 1599 armarsi
979 1565 1024 1599 et
1059 1557 1269 1599 stabilirsi
1299 1565 1459 1599 contro
1493 1557 1521 1598 il
1556 1566 1740 1612 peccato
1778 1557 1852 1599 col

216 1634 471 1677 santissimo
508 1635 815 1677 Sacramento.
852 1635 906 1676 Et
946 1634 1153 1676 accioche
1184 1634 1398 1676 l'esterior
1422 1633 1486 1676 sia
1518 1634 1772 1676 testimonio
1805 1633 1848 1675 di

216 1725 296 1753 sua
326 1712 475 1753 buona
495 1719 659 1762 mente,
685 1711 844 1753 ordino
867 1712 950 1754 che
970 1711 1072 1753 tutti
1096 1710 1231 1765 quelli
1249 1712 1332 1754 che
1349 1713 1592 1754 hauessero
1616 1711 1760 1753 ordini
1781 1725 1847 1752 sa-

215 1788 291 1840 cri,
311 1803 337 1829 o
356 1802 465 1830 uero
482 1787 704 1839 beneficii,
727 1796 977 1843 portassero
997 1788 1023 1829 l'
1041 1788 1195 1830 habito
1214 1788 1419 1831 clericale
1438 1788 1668 1842 (hauendo
1686 1788 1762 1843 gia
1780 1802 1844 1831 es-

215 1872 383 1907 sortato
412 1865 424 1906 i
453 1864 667 1907 cardinali
704 1880 728 1906 a
762 1866 826 1906 far
859 1878 944 1907 con
983 1879 1063 1908 sue
1104 1864 1300 1920 famiglie
1329 1865 1356 1906 il
1389 1865 1651 1916 medesimo)
1687 1873 1731 1908 et
1762 1866 1848 1908 che

213 1949 467 1996 portassero
492 1942 532 1983 la
555 1940 748 1983 cliierica
770 1949 939 1995 aperta.
970 1942 1023 1982 Et
1047 1941 1172 1983 accio
1209 1942 1382 1984 fussero
1413 1942 1667 1983 conosciuti
1694 1943 1759 1983 fra
1784 1941 1845 1997 gli

212 2017 328 2072 altri,
367 2019 449 2059 che
485 2026 736 2072 portassero
769 2018 809 2060 la
838 2026 1015 2059 sottana
1044 2024 1088 2059 et
1128 2032 1319 2072 soprana
1357 2018 1515 2060 insin’a
1542 2026 1673 2069 terra,
1715 2034 1848 2061 senza

215 2093 493 2149 pregiudicio
519 2094 624 2149 pero
647 2094 702 2137 de
726 2094 752 2134 li
773 2094 943 2149 prelati,
966 2094 1084 2148 quali
1103 2108 1431 2136 osserueranno
1451 2095 1479 2136 il
1501 2109 1584 2137 suo
1601 2095 1749 2137 antico
1769 2097 1846 2137 ha-

212 2170 320 2222 bito;
347 2179 390 2214 et
413 2172 497 2214 che
520 2171 548 2212 li
575 2171 829 2214 uestimenti
857 2171 1027 2214 fussero
1051 2170 1094 2212 di
1123 2186 1268 2225 panno
1291 2186 1317 2212 o
1343 2171 1500 2225 fascia,
1527 2187 1661 2214 senza
1694 2172 1845 2214 niente

212 2246 256 2288 di
278 2254 408 2298 setta,
437 2247 491 2289 ne
515 2247 558 2289 di
577 2248 738 2289 dentro
762 2247 817 2289 ne
839 2247 881 2288 di
909 2248 1049 2290 fuora.
1082 2248 1135 2289 Et
1159 2247 1253 2290 cosi
1276 2248 1433 2290 ordino
1454 2248 1494 2290 al
1517 2263 1598 2290 suo
1620 2256 1784 2290 mastro
1803 2248 1847 2290 di

212 2338 315 2366 casa
341 2324 529 2367 uestessi
553 2324 705 2378 quelli,
731 2324 757 2365 li
783 2324 903 2378 quali
928 2324 964 2366 si
988 2325 1228 2366 doueuano
1255 2325 1436 2376 uestire,
1460 2340 1547 2367 non
1574 2332 1843 2379 permetten-

211 2401 268 2442 do
291 2402 377 2444 che
400 2400 577 2455 portino
602 2401 795 2443 ferraioli
820 2402 876 2444 ne
899 2401 1104 2456 cappelli,
1127 2416 1174 2443 se
1199 2416 1286 2443 non
1316 2401 1361 2444 in
1383 2401 1567 2457 uiaggio
1585 2402 1672 2443 oin
1700 2410 1849 2457 tempo

212 2477 255 2518 di
275 2477 474 2532 pioggia.
501 2478 902 2521 Medesimamente
920 2479 1142 2521 comando
1172 2478 1205 2520 si
1240 2479 1507 2533 togliessero
1535 2479 1604 2521 uia
1636 2479 1675 2521 le
1706 2478 1843 2520 cami—

213 2552 304 2595 scie
333 2561 377 2595 et
406 2554 611 2596 maniche
640 2562 859 2610 crespate‚
893 2562 937 2597 et
968 2554 994 2595 li
1028 2554 1210 2596 coseiali
1249 2555 1304 2597 de
1343 2556 1382 2597 le
1411 2556 1533 2598 calze
1571 2555 1724 2610 gonfie
1762 2556 1849 2597 che

214 2629 406 2681 s’usano,
434 2646 503 2673 ma
527 2631 694 2673 fossino
716 2630 905 2686 simplici
923 2638 967 2674 et
985 2631 1178 2681 honesti,
1205 2645 1288 2673 con
1311 2639 1428 2674 tutto
1446 2632 1473 2673 il
1494 2640 1613 2674 resto
1632 2634 1715 2674 che
1735 2633 1773 2674 la
1794 2631 1847 2672 ri-

216 2706 354 2747 forma
378 2707 448 2748 del
472 2715 630 2749 senato
652 2722 837 2750 romano
860 2710 1035 2750 haueua
1060 2708 1267 2749 ordinato
1290 2708 1362 2749 alli
1388 2708 1487 2750 laici
1509 2707 1688 2750 intorno
1706 2710 1746 2750 al
1770 2722 1845 2749 ue-

216 2779 339 2825 stire-

310 2859 364 2899 Et
394 2861 557 2912 perche
587 2861 707 2903 l'otio
737 2862 758 2903 ὲ
789 2876 923 2904 causa
958 2862 999 2903 di
1032 2861 1144 2904 tanti
1172 2861 1292 2912 mali,
1324 2876 1452 2904 come
1474 2861 1784 2916 l'esperiencia
1808 2861 1848 2903 ci

219 2934 424 2989 insegna,
448 2944 491 2977 et
515 2937 555 2977 la
579 2937 787 2992 maggior
810 2945 934 2993 parte
957 2938 1000 2979 di
1023 2952 1104 2980 sua
1123 2937 1322 2992 famiglia
1339 2938 1548 2981 starebbe
1566 2937 1734 2987 ociosa,
1757 2951 1845 2978 non

222 3011 524 3064 occupandosi
548 3011 592 3053 in
616 3013 728 3055 altro
751 3015 833 3056 che
862 3014 906 3055 in
936 3027 1019 3056 suo
1047 3013 1247 3065 seruitio,
1274 3021 1318 3056 et
1346 3013 1382 3055 si
1412 3013 1687 3069 perderebbe
1711 3014 1847 3054 molto
