1971 3276
578 232 711 267 Eprsr.
738 231 886 267 128.—1
911 232 1114 278 JANUARn
1144 236 1231 276 1507
1611 234 1679 276 625

102 333 268 376 Paucis
298 332 460 375 deinde
489 339 587 387 post
621 331 797 387 diebus,
835 333 890 374 ad
923 331 1152 374 mulierem
1188 334 1321 376 Pater
1352 347 1454 374 curn
1488 333 1646 376 marito
1679 348 1727 377 se

102 409 306 459 contulit,
348 423 537 462 eamque
575 409 692 463 apud
732 408 970 452 foeminam
1006 409 1140 451 Vrbis
1177 409 1429 464 primariam
1464 410 1727 452 collocatam

105 485 324 528 Dominus
357 485 411 526 ad
445 498 542 527 sese
575 484 816 527 conuertit.
855 485 986 527 Nunc
1019 485 1170 539 itaque
1198 499 1299 528 cum
1326 485 1484 528 marito
1512 493 1556 528 et
1579 486 1728 529 liberis

104 561 359 604 christianis
383 560 519 602 uitam
544 560 660 603 laeta
682 560 808 616 degit
830 560 874 602 in
899 559 1107 603 Domino.

193 651 262 692 30.
331 637 462 679 Alius
491 637 595 680 item
628 637 867 688 hebraeus,
900 637 944 678 in
976 637 1129 692 primis
1163 638 1312 680 Italiae
1345 638 1482 681 totius
1510 640 1728 682 honestus

103 728 154 757 ac
177 714 320 769 diues,
347 713 581 769 ipsiusmet
605 713 766 756 summi
790 713 1012 769 pontificis
1042 727 1174 769 opera
1196 714 1436 769 studioque
1458 729 1725 771 conuersus,

106 799 153 833 ut
175 791 283 833 alias
306 804 486 846 quoque
510 804 581 834 me
604 790 800 833 scribere
825 790 1005 834 memini
1030 790 1062 842 ⁸,
1089 790 1220 832 simul
1249 806 1351 833 cum
1382 791 1483 833 filiis
1512 791 1654 835 tribus
1683 799 1728 835 et

103 867 251 910 fratris
284 867 374 909 filio
406 872 619 921 (namque
651 881 764 909 uxor
796 866 878 909 etsi
909 875 1162 909 nostrorum
1192 882 1325 923 opera
1354 883 1377 910 a
1407 868 1599 911 Domino
1627 876 1726 923 post

105 952 192 987 tres
215 943 377 987 deinde
401 958 577 987 menses
601 944 655 985 ad
674 943 910 986 sanitatem
931 944 1113 986 redacta
1129 951 1214 996 est,
1239 944 1284 986 in
1304 945 1552 1000 praesentia
1578 952 1726 988 tamen

103 1020 145 1061 in
170 1020 390 1062 iudaismo
409 1019 632 1061 obstinata
656 1020 993 1075 permanserat),
1020 1035 1098 1074 per
1127 1020 1449 1063 catechismum
1479 1020 1681 1063 eruditus
1703 1035 1727 1063 a

103 1097 281 1151 nostris,
308 1105 352 1138 et
378 1095 574 1138 uniuersi
596 1096 828 1151 ipsiusmet
846 1096 1008 1138 summi
1028 1095 1253 1151 pontificis
1273 1096 1478 1139 manibus
1494 1097 1722 1152 baptizati,

102 1173 301 1217 eiusdem
337 1173 533 1224 nomine,
571 1172 863 1228 cognomine,
900 1172 1172 1228 insignibus,
1208 1173 1450 1227 multisque
1481 1173 1728 1229 priuilegiis

101 1250 297 1292 decorati
322 1256 441 1293 sunt.
470 1250 509 1291 Is
535 1249 672 1305 igitur
692 1249 882 1292 Michael
901 1249 1032 1304 (idem
1057 1257 1162 1290 ante
1179 1249 1450 1304 baptismum
1472 1250 1621 1305 Elias),
1644 1252 1727 1294 fre-

103 1326 281 1381 quentis
306 1325 616 1368 Eucharistiae
640 1325 858 1367 beneficio
882 1332 1030 1367 tantos
1058 1325 1102 1366 in
1133 1325 1290 1381 spiritu
1315 1325 1419 1368 fecit
1443 1340 1724 1381 progressus,

103 1410 150 1445 ut
175 1402 258 1444 nisi
284 1401 553 1443 matrimonii
578 1401 772 1443 uinculis
794 1409 913 1444 esset
937 1401 1162 1456 astrictus,
1189 1401 1284 1457 ipsa
1307 1402 1392 1444 iam
1417 1403 1596 1445 Domini
1620 1417 1724 1446 con-

103 1479 212 1531 silia,
238 1479 395 1521 relicto
418 1479 587 1530 seculo,
613 1478 849 1533 cogitaret.
879 1479 1087 1533 Cumque
1109 1478 1164 1519 ad
1192 1479 1494 1522 maturitatem
1523 1481 1726 1525 celeriter

103 1555 396 1611 peruenisset,
422 1555 569 1596 bonus
594 1554 733 1597 ueluti
753 1555 926 1596 fructus
949 1569 972 1596 a
997 1553 1190 1596 Domino
1209 1561 1361 1596 nostro
1379 1555 1619 1611 decerptus
1641 1565 1723 1600 est.

101 1633 191 1675 Sed
220 1632 479 1687 priusquam
509 1630 701 1674 excessit
730 1646 754 1674 e
786 1630 889 1682 uita,
921 1645 1085 1685 magna
1112 1644 1213 1672 cum
1244 1631 1375 1674 laude
1409 1639 1724 1676 testamentum

104 1707 207 1750 fecit
229 1707 463 1760 eiusmodi,
489 1707 607 1762 quod
634 1707 898 1750 reuocandis
923 1722 946 1748 a
970 1707 1287 1761 superstitione
1316 1708 1476 1750 ceteris
1506 1709 1606 1751 filiis
1634 1724 1736 1752 ma-v

102 1785 219 1828 xime
242 1785 453 1827 idoneum
478 1783 711 1834 iudicauit,
738 1783 790 1825 iis
819 1783 905 1825 nisi
933 1791 1322 1838 conuerterentur‚
1357 1784 1465 1826 nihil
1496 1786 1634 1828 ferme
1662 1800 1707 1828 re

101 1860 329 1915 linquens3
361 1868 404 1902 et
437 1860 567 1902 simul
597 1860 652 1901 de
682 1875 851 1914 genere
881 1860 976 1914 ipso
1004 1860 1223 1903 conflatae
1258 1861 1475 1915 pecuniae
1513 1861 1728 1917 religione

101 1945 367 1988 commotus,
404 1951 500 1978 eam
536 1950 626 1978 rem
662 1944 801 1978 totam
835 1951 1041 1990 onusque
1070 1937 1126 1977 ab
1149 1951 1196 1978 se
1226 1936 1269 1977 in
1300 1944 1564 1981 executores
1594 1945 1726 1981 testa-

101 2014 237 2057 menti
261 2021 395 2068 atque
418 2014 460 2054 in
490 2013 632 2069 ipsum
660 2012 916 2069 pontificem
942 2012 1183 2065 transtulit,
1212 2020 1258 2055 ut
1291 2013 1454 2067 quibus
1477 2023 1723 2069 oporteret,

102 2104 154 2132 ac
185 2098 420 2144 quantum,
453 2089 534 2146 ipsi
568 2105 648 2145 pro
677 2104 759 2132 suo
792 2089 974 2131 arbitrio
1009 2089 1311 2133 restituerent.
1349 2091 1463 2131 Tum
1502 2091 1650 2133 uerbis
1682 2091 1725 2132 in

103 2167 349 2209 christiana
378 2166 541 2221 pietate
573 2167 750 2221 fideque
780 2165 1115 2217 constantibus,
1150 2180 1330 2208 uxorem
1358 2168 1724 2209 catechumenam

102 2251 144 2286 et
169 2250 342 2286 ceteros
366 2242 440 2297 qui
465 2243 649 2285 aderant
673 2243 946 2297 consolatus,
969 2242 1176 2284 omnibus
1194 2242 1484 2285 sacramentis
1507 2243 1722 2297 munitus,

104 2320 258 2361 stricto
290 2319 498 2361 manibus
531 2319 763 2370 crucifixo,
796 2317 986 2381 animam
1023 2317 1213 2360 reddidit
1243 2318 1460 2362 Creatori.
1495 2320 1616 2361 onr
1647 2334 1723 2362 ua<

103 2396 177 2437 riis
202 2394 528 2437 tentationibus
551 2401 654 2436 ante
678 2394 945 2449 baptismum
974 2400 1149 2446 uexata,
1175 2408 1251 2435 eas
1268 2394 1462 2449 denique
1486 2394 1567 2436 Dei
1591 2395 1723 2438 bene-

103 2472 204 2514 ficio
227 2479 270 2513 et
294 2478 547 2513 nostrorum
572 2484 706 2525 opera
724 2469 970 2524 superauit,
993 2483 1045 2510 ac
1068 2469 1293 2524 baptizata
1317 2477 1398 2512 est.
1423 2472 1556 2512 Nunc
1576 2478 1724 2513 autem

101 2548 146 2589 in
172 2548 338 2603 templo
362 2554 514 2589 nostro
537 2547 601 2602 (ut
626 2545 810 2587 maritus
834 2553 966 2587 antea
988 2546 1186 2599 fecerat),
1213 2546 1420 2600 mysteria
1442 2547 1726 2601 frequentare

106 2638 193 2666 non
217 2624 394 2667 desinit.

193 2713 264 2754 31.
332 2702 439 2742 Post
457 2699 799 2742 conuersionem
822 2698 960 2751 Eliae,
982 2697 1096 2738 intra
1115 2713 1311 2740 mensem
1330 2713 1469 2740 unum
1495 2701 1569 2742 uel
1592 2700 1723 2751 duos,

103 2777 248 2819 iudaei
281 2778 381 2832 plus
410 2778 491 2819 XL
520 2775 743 2826 conuersi,
778 2774 1028 2829 partimque
1058 2773 1143 2814 iam
1175 2774 1384 2829 baptizati
1415 2783 1535 2832 sunt,
1568 2776 1725 2831 partim

106 2854 251 2895 adhuc
286 2853 561 2895 catechismo
589 2852 696 2894 dant
724 2864 922 2905 operam.
955 2850 1045 2892 Sed
1074 2850 1282 2904 quoniam
1317 2851 1476 2893 domus
1509 2854 1725 2895 catechu-

174 3020 188 3037 ⁸
239 3017 337 3053 Vide
359 3018 472 3063 epist.
493 3017 570 3061 123,
588 3029 620 3051 n.
645 3026 678 3060 53
699 3022 737 3050 et
756 3015 803 3050 cf.
828 3014 1223 3060 C1Acox.-OLDom.,
1245 3017 1353 3062 ibid„
1379 3026 1486 3062 1004.

284 3082 437 3110 PoLAch
458 3085 712 3109 (JOMPIAEMENTA
1550 3085 1587 3112 40
