1971 3276
275 202 344 238 328
785 201 972 236 POLANCI
1000 210 1320 236 COMPLEMENTA

229 304 541 346 commendata
565 310 633 344 est
655 302 851 344 omnium
877 303 1062 344 fratrum
1088 302 1311 357 precibus,
1334 309 1377 345 et
1403 303 1588 344 Patrum
1615 301 1861 353 sacrificiis;

229 388 363 435 atque
387 380 447 422 ita
469 380 679 423 effectum
702 379 912 433 denique,
939 386 987 420 ut
1012 379 1154 434 posita
1178 378 1329 433 iniqua
1352 377 1647 433 cogitatione,
1671 386 1864 420 mutata-

229 471 316 511 que
339 456 473 499 animi
504 457 753 507 uoluntate,
782 455 917 496 totius
943 455 1060 498 uitae
1089 454 1273 497 crimina
1300 454 1476 496 cuidam
1503 469 1558 497 ex
1589 453 1754 496 nostris
1780 455 1864 495 Pa-

229 534 373 575 tribus
402 533 444 575 in
474 532 758 575 confessione
787 531 990 586 aperiret.
1021 531 1111 586 Qui
1143 539 1306 573 uocato
1337 545 1439 572 mox
1474 531 1528 572 ad
1557 545 1605 573 se
1635 532 1787 581 fratre,
1819 530 1862 571 in

228 624 360 665 quem
384 609 594 651 inimicus
618 609 729 650 adeo
754 609 911 660 fuerat,
936 607 1215 661 caeterisque
1238 607 1469 662 omnibus,
1496 621 1609 661 quos
1635 622 1744 650 suae
1770 621 1865 662 per-

228 686 417 728 tinaciae
442 693 578 728 testes
601 685 785 739 sciebat,
813 699 904 727 rem
923 684 1043 739 apud
1064 684 1162 726 illos
1185 699 1382 736 omnem,
1407 698 1540 738 quam
1566 683 1730 726 tacitus
1749 698 1862 725 sem-

228 778 303 817 per
333 763 511 815 celarat,
536 762 758 816 exposuit,
791 762 1050 803 adscribens
1074 761 1229 803 diuino
1253 760 1485 812 miraculo,
1513 762 1634 815 quod
1658 760 1863 803 brachio-

227 854 325 882 rum
349 848 393 881 et
413 840 593 893 linguae
618 853 747 880 usum
772 838 815 880 in
840 839 935 893 ipso
962 838 1108 880 fratris
1132 839 1186 880 ad
1211 853 1258 880 se
1282 838 1490 894 ingressu
1515 837 1736 880 debilitari
1761 838 1860 887 sibi,
1923 866 1925 868 -

227 917 496 971 penitusque
526 916 659 957 adimi
689 916 891 967 sentiret3
925 915 1009 957 sibi
1047 930 1154 958 uero
1184 916 1260 958 uix
1298 917 1436 957 ullum
1471 915 1593 958 uitae
1627 929 1863 969 superesse

225 993 446 1048 spiritum,
474 993 594 1047 quod
618 1000 708 1034 tres
731 1001 887 1035 noctes
910 992 1139 1035 insomnes
1170 992 1480 1047 transegisset.
1508 991 1598 1033 Iam
1627 1006 1734 1035 uero
1758 1005 1861 1032 cum

227 1069 438 1124 aequiore
466 1077 509 1111 et
542 1069 762 1123 paratiore
792 1068 941 1110 animo
971 1076 1104 1119 esset,
1136 1069 1191 1110 ad
1221 1068 1339 1110 illam
1370 1069 1590 1110 bonorum
1627 1067 1859 1118 iacturam,

227 1154 493 1200 caeteraque
523 1145 642 1188 uitae
671 1145 959 1187 incommoda
990 1145 1235 1196 toleranda,
1270 1145 1416 1187 uisum
1447 1146 1507 1187 ita
1532 1159 1653 1186 nunc
1686 1152 1753 1187 est
1776 1144 1864 1187 X.O

226 1222 435 1277 DominO,
474 1231 521 1264 ut
554 1205 754 1276 quiliam
787 1237 834 1264 se
868 1229 1153 1277 peccatorum
1189 1221 1378 1263 vinculis
1415 1221 1642 1273 soluisset,
1684 1235 1863 1264 carcere

226 1299 359 1342 etiam
383 1315 408 1341 a
425 1299 596 1354 judice,
622 1309 665 1341 et
689 1298 850 1340 debitis
873 1299 977 1340 item
1003 1313 1027 1340 a
1049 1297 1345 1340 creditoribus
1369 1299 1640 1342 solueretur.

318 1388 388 1420 20.
454 1377 546 1418 ltur
579 1376 712 1418 etiam
741 1376 796 1417 ad
835 1376 1005 1430 aliquot
1041 1374 1220 1429 publica
1249 1374 1588 1427 valetudinaria,
1626 1375 1699 1416 ubi
1736 1374 1862 1416 festis

226 1453 480 1507 quibusque
520 1452 679 1495 diebus
711 1452 951 1494 conciones
984 1453 1232 1502 habentur,
1265 1451 1457 1505 singulis
1490 1466 1597 1494 uero
1630 1450 1861 1494 mensibus

225 1529 531 1573 confessiones
556 1530 816 1571 audiuntur.
850 1530 944 1572 Nec
973 1530 1116 1572 solum
1151 1529 1314 1570 infirmi
1339 1529 1393 1571 ad
1427 1528 1699 1583 aequitatem
1725 1527 1861 1570 animi

226 1614 269 1648 et
292 1607 509 1649 aduersae
534 1605 803 1649 ualetudinis
828 1605 1106 1648 tolerantiam
1132 1606 1405 1657 animantur,
1426 1605 1505 1648 sed
1523 1605 1605 1660 ipsi
1629 1604 1761 1648 etiam
1782 1604 1860 1645 mi-

227 1683 369 1734 nistri,
398 1691 651 1725 nostrorum
686 1682 834 1726 uerbis
868 1692 912 1726 et
935 1683 1150 1738 exemplis
1185 1684 1240 1725 ad
1268 1682 1503 1725 charitatis
1528 1697 1714 1725 munera
1737 1696 1860 1725 exer-

228 1760 368 1802 cenda
393 1759 689 1815 promptiores
713 1760 976 1811 redduntur3
1005 1760 1079 1814 qui
1113 1760 1247 1802 etiam
1277 1759 1358 1814 ipsi
1387 1759 1568 1814 saepius
1590 1773 1723 1813 quam
1749 1759 1860 1801 sole-

226 1837 351 1887 bant,
377 1844 658 1879 sacramenta
679 1837 983 1890 frequentant.

319 1925 390 1956 21.
457 1912 608 1955 Nihilo
630 1913 764 1955 etiam
788 1912 937 1955 minus
960 1913 1078 1967 apud
1102 1912 1334 1967 moniales,
1357 1926 1438 1955 nec
1462 1912 1620 1954 minori
1644 1925 1748 1953 cum
1770 1912 1859 1953 fru-

229 1997 322 2043 ctu,
349 1989 488 2031 nostri
510 1989 852 2031 concionantur.
880 1991 1010 2043 Quae
1033 1989 1093 2031 ita
1115 2001 1221 2031 sunt
1245 1989 1369 2031 uerbi
1389 1988 1529 2031 diuini
1554 1989 1728 2041 auidae,
1756 1997 1802 2030 ut
1825 1989 1861 2030 si

229 2066 409 2120 quando
432 2066 560 2107 statis
583 2066 741 2108 diebus
764 2066 922 2107 concio
945 2065 1092 2120 aliqua
1115 2065 1454 2117 intermittatur,
1476 2080 1583 2109 mox
1606 2080 1738 2108 suum
1756 2080 1859 2107 con-

229 2141 503 2185 cionatorem
527 2157 551 2184 a
574 2141 883 2197 superioribus
905 2142 1092 2184 summis
1115 2142 1325 2197 precibus
1348 2150 1570 2197 repetant.

320 2231 390 2262 22.
458 2220 591 2261 Nunc
616 2218 748 2262 uenio
770 2219 826 2261 ad
849 2218 1122 2270 vacationes,
1148 2220 1234 2260 hoc
1257 2226 1341 2270 est,
1368 2219 1425 2261 ad
1448 2219 1794 2262 exercitationes
1816 2228 1862 2261 et

233 2296 496 2350 praecipuas
520 2294 840 2351 occupationes
863 2303 1054 2337 nostras.
1087 2295 1163 2339 Sic
1193 2295 1311 2338 enim
1335 2295 1431 2339 fieri
1455 2295 1571 2338 inter
1593 2303 1770 2338 nostros
1793 2310 1859 2337 so·

230 2374 308 2424 let,
334 2379 383 2414 ut
406 2386 507 2414 cum
533 2372 620 2423 alii,
647 2371 912 2414 intermissis
929 2372 1089 2414 studiis
1107 2371 1348 2424 litterariis,
1370 2372 1462 2414 otio
1481 2372 1665 2414 liberius
1682 2382 1858 2425 vacant,

233 2457 340 2490 tunc
366 2449 559 2491 maxime
584 2448 637 2490 iis
660 2449 794 2491 rebus
817 2448 957 2491 nostri
979 2456 1274 2504 occupentur,
1295 2450 1339 2491 in
1359 2449 1523 2504 quibus
1546 2449 1865 2491 submissionis

230 2524 381 2577 animi,
405 2525 658 2578 charitatis,
690 2525 986 2580 paupertatis,
1018 2533 1390 2580 caeterarumque
1421 2525 1640 2568 uirtutum
1671 2539 1857 2568 munera

230 2609 486 2645 exerceant.
513 2602 629 2644 Cum
654 2601 804 2656 itaque
828 2617 852 2644 a
875 2601 1051 2653 studiis,
1078 2616 1157 2656 pro
1181 2610 1333 2644 nostra
1356 2601 1704 2657 consuetudine,
1730 2616 1860 2644 vaca-

230 2685 324 2719 tum
354 2685 438 2730 est,
473 2678 656 2732 quidam
684 2678 943 2720 domesticis
978 2677 1234 2720 ministeriis
1262 2685 1368 2720 sunt
1399 2678 1635 2733 destinati,
1670 2678 1863 2734 publicis

231 2767 337 2796 uero
359 2753 694 2797 valetudinariis
716 2755 828 2798 adeo
853 2754 997 2806 multi,
1024 2761 1072 2796 ut
1098 2755 1173 2797 uix
1199 2755 1337 2796 ullum
1356 2761 1475 2798 esset
1494 2756 1662 2798 Romae
1682 2755 1857 2797 ualetu—

233 2828 466 2883 dinarium,
491 2831 611 2885 quod
633 2831 801 2873 bonum
828 2831 1011 2874 fratrum
1036 2845 1273 2874 numerum
1299 2845 1388 2874 non
1411 2832 1614 2874 haberet.
1642 2830 1861 2874 Nonnulli

228 2904 362 2947 etiam
400 2906 518 2948 curis
550 2906 647 2948 aliis
683 2906 896 2962 expediti,
927 2907 1234 2962 spiritualibus
1272 2907 1641 2950 meditationibus
1679 2915 1858 2962 tempus

224 2981 334 3023 illud
358 2981 628 3025 tribuerunt.
662 2983 757 3025 Nec
786 2983 941 3038 paucis
971 2984 1087 3026 facta
1116 2990 1183 3026 est
1212 2983 1532 3039 peregrinandi
1566 2983 1696 3038 copia
1726 2983 1770 3025 in
1795 2981 1863 3024 di·
