1971 3276
550 238 685 274 Eprsr.
719 238 864 273 128.—1
895 211 1095 283 jANuARn
1126 238 1212 281 1567
1579 239 1649 281 609

72 340 226 381 Monte
252 338 489 392 Quirinali.
517 338 684 390 Tertia,
712 338 954 394 collegium
990 348 1193 380 nostrum
1224 351 1326 380 curn
1358 337 1522 379 scholis
1545 344 1589 380 et
1612 336 1697 391 pri-

75 414 188 457 uatis
217 423 261 458 et
292 413 496 469 publicis.
530 415 718 468 Quarta,
756 414 997 470 collegium
1027 415 1146 468 quod
1174 413 1482 469 germanicum
1513 422 1696 464 uocant,

73 491 146 532 vbi
171 491 383 545 frequens
406 490 659 545 nobilisque
682 491 896 533 iuuentus
919 491 1084 533 nostris
1105 490 1149 531 in
1174 504 1348 532 morum
1379 496 1512 545 atque
1536 489 1696 532 artium

72 567 351 622 disciplinam
377 566 539 610 tradita
555 567 826 610 continetur.
849 568 1127 618 Extremum,
1148 567 1436 610 seminarium
1455 573 1522 609 est
1539 567 1697 609 eodem

76 645 166 688 fere
189 658 278 699 quo
307 643 618 699 germanicum
647 643 854 686 instituto
883 657 935 686 ac
964 658 1130 698 genere
1161 644 1295 695 uitae3
1329 643 1520 686 maxima
1550 650 1699 684 tamen

73 734 128 762 ex
151 728 275 775 parte
299 720 492 762 romanis
515 727 695 762 constat
719 719 1083 763 adolescentibus
1111 721 1167 762 ad
1188 713 1390 775 priuatae
1412 719 1547 761 huius
1565 719 1701 762 Vrbis

74 796 293 840 ecclesiae
321 811 431 839 usus
464 811 517 839 ac
550 796 796 839 ministeria
818 797 1129 840 informandis.
1165 798 1212 838 In
1242 797 1310 838 his
1338 797 1446 839 locis
1477 796 1701 848 omnibus,

75 873 194 915 CCC
222 872 401 916 circiter
437 887 462 916 e
494 880 645 915 nostra
682 873 910 917 Societate
945 880 1200 923 uersantur‚
1236 873 1281 915 id
1303 874 1423 927 quod
1461 873 1699 928 separatim

75 949 168 1004 ipse
191 949 428 1005 catalogus
450 949 733 1003 indicauerit,
757 964 926 1005 genere
948 950 1093 1005 magis
1127 950 1240 1005 ipso,
1273 963 1406 1004 quam
1435 963 1641 999 numero,
1677 963 1702 990 a

77 1025 306 1082 superiore
328 1025 552 1069 diuersus:
580 1026 744 1081 quippe
772 1041 828 1070 ex
851 1026 935 1068 illis
961 1026 1159 1080 quinque
1181 1026 1225 1068 in
1250 1026 1447 1069 Domino
1470 1026 1699 1079 quieuere,

80 1105 128 1145 Ρ.
158 1102 351 1145 Michael
370 1103 578 1158 Angelus
602 1103 822 1154 Labacus,
849 1103 899 1146 P.
929 1103 1147 1145 Alfonsus
1178 1102 1349 1144 Pineda
1372 1103 1465 1156 (qui
1489 1102 1704 1144 diuturno

77 1179 215 1221 totius
237 1179 341 1221 anni
364 1179 520 1220 morbo
538 1179 724 1233 probati,
749 1180 977 1234 praeclara
996 1178 1237 1234 patientiae
1254 1186 1389 1234 atque
1411 1180 1611 1221 omnium
1630 1179 1704 1220 do-

77 1263 288 1299 cumenta
311 1255 529 1298 uirtutum
553 1255 608 1298 ad
631 1262 884 1299 extremum
909 1270 1051 1309 usque
1075 1255 1279 1310 spiritum
1312 1256 1593 1310 praebuere);
1616 1269 1704 1296 ma-

79 1331 218 1388 gister
234 1332 381 1388 Julius
404 1334 637 1375 Bennatus
659 1339 690 1382 ³,
716 1332 878 1374 eximia
900 1346 978 1386 spe
1000 1341 1136 1386 atque
1158 1333 1214 1373 ab
1236 1332 1358 1374 omni
1380 1332 1511 1374 laude
1541 1331 1703 1374 felicis-

80 1409 218 1451 simus
241 1410 505 1452 adolescens
528 1409 706 1464 (horum
733 1408 882 1459 trium,
912 1408 1092 1463 publice
1119 1408 1407 1451 humaniores
1431 1408 1601 1451 litteras
1625 1408 1710 1463 pri-

80 1500 194 1537 mus,
222 1485 553 1541 philosophiam
576 1492 725 1527 autern
752 1485 910 1540 reliqui
933 1486 1022 1527 duo
1047 1486 1325 1539 docuerant);
1354 1485 1574 1529 Martinus
1602 1486 1710 1541 Cor—

81 1577 207 1613 noza,
234 1563 332 1604 loco
356 1569 492 1603 natus
522 1563 733 1613 honesto,
767 1561 985 1604 diaconus
1008 1569 1247 1616 antequam
1271 1562 1315 1603 in
1340 1562 1611 1605 Societatem
1635 1562 1709 1603 ad—

82 1639 348 1687 mitteretur,
389 1639 505 1681 idem
546 1646 836 1693 posteaquam
876 1639 1097 1681 admissus
1130 1647 1197 1680 est
1234 1638 1381 1693 (multi
1415 1646 1565 1681 autem
1604 1646 1709 1679 sunt

82 1715 199 1770 anni)
223 1715 266 1757 in
297 1716 547 1758 recusando
575 1715 827 1757 sacerdotio
851 1715 1258 1767 constantissimus,
1285 1716 1421 1769 inque
1446 1714 1709 1756 humilitatis
1736 1722 1739 1725 '

82 1800 125 1834 et
154 1791 353 1834 caritatis
381 1791 646 1833 muneribus
679 1806 843 1846 magna
867 1806 967 1833 curn
993 1793 1125 1835 laude
1155 1799 1375 1843 uersatus3
1409 1792 1500 1845 qui,
1533 1791 1707 1834 tametsi

82 1874 213 1909 acuta
244 1867 288 1909 ui
317 1867 460 1908 morbi
491 1867 694 1910 celeriter
727 1882 968 1922 oppressus
1005 1877 1094 1921 est,
1129 1868 1246 1910 diem
1282 1876 1429 1909 tamen
1461 1867 1611 1908 obitus
1639 1866 1708 1907 sui

84 1958 171 1985 non
192 1943 267 1985 uni
292 1950 464 1985 tantum
489 1957 572 1985 nec
589 1945 727 1987 semel
747 1943 980 1998 praedixit.
1007 1946 1266 1987 Postremus
1283 1944 1481 1986 omniurn
1501 1942 1582 1984 fuit
1601 1942 1706 1986 Hie-

84 2034 300 2075 ronymus
323 2020 533 2071 lucensis,
561 2020 774 2071 noustius,
801 2020 876 2074 qui
902 2035 990 2062 uno
1019 2021 1267 2076 eodemque
1290 2021 1377 2075 die,
1408 2019 1706 2061 confirmatio-

84 2096 168 2151 nis,
201 2096 516 2151 poenitentiae‚
547 2096 861 2148 eucharistiae,
887 2097 1074 2140 extremi
1107 2097 1375 2147 chrismatis,
1409 2104 1618 2150 quattuor
1652 2096 1705 2137 si-

84 2173 174 2214 mul
198 2180 477 2215 sacramenta
500 2172 716 2227 suscepit;
745 2172 925 2215 minime
952 2188 1057 2216 uero
1081 2173 1283 2228 uulgaris
1304 2173 1400 2214 eius
1425 2173 1600 2214 uocatio
1621 2174 1708 2213 fue-

85 2256 166 2303 rat,
189 2248 400 2304 quocirca
417 2249 619 2291 celeriter
638 2256 792 2291 sancta
810 2264 918 2291 suae
944 2249 1174 2304 religionis
1196 2249 1335 2301 initia,
1357 2249 1473 2291 uotis
1498 2248 1579 2291 rite
1597 2262 1707 2289 nun-

80 2325 274 2380 cupatis,
315 2325 435 2366 haud
459 2324 649 2366 absimili
673 2325 761 2367 fine
791 2325 1027 2370 conclusit.
1062 2327 1235 2367 Horum
1265 2324 1467 2379 secundi,
1496 2324 1628 2377 tertii,
1664 2331 1709 2365 et

85 2401 228 2456 quinti
253 2400 295 2442 in
320 2414 440 2442 nouo
465 2400 605 2442 nostri
623 2400 801 2455 collegii
826 2403 992 2455 templo
1014 2415 1200 2455 corpora
1222 2401 1362 2456 prima
1385 2400 1565 2442 condita
1585 2407 1704 2442 sunt.

87 2477 266 2532 Quibus
282 2476 493 2518 omnibus
511 2477 629 2531 apud
647 2491 731 2518 uos
747 2477 864 2519 iusta
886 2477 1107 2527 funerum,
1132 2493 1186 2520 ex
1209 2477 1429 2531 instituto,
1454 2476 1536 2518 nisi
1559 2478 1708 2519 hacte-

89 2568 172 2596 nus
195 2560 300 2595 sunt
324 2553 565 2607 persoluta,
589 2554 839 2595 soluantur.

177 2641 216 2671 2.
284 2628 373 2671 Alii
397 2628 483 2670 alio
507 2636 736 2684 praeterea
758 2643 892 2684 supra
915 2630 952 2671 C
976 2631 1032 2671 ab
1065 2630 1186 2673 Vrbe
1218 2638 1323 2672 sunt
1354 2630 1490 2682 missi,
1521 2645 1709 2684 quorum

88 2721 111 2748 e
133 2720 325 2756 numero
342 2706 378 2747 si
401 2707 694 2749 detrahantur
716 2705 744 2746 ii
769 2705 843 2759 qui
867 2708 1049 2748 Romam
1072 2721 1097 2749 e
1119 2707 1212 2748 suis
1230 2707 1516 2749 missionibus
1535 2708 1605 2749 uel
1624 2707 1708 2749 iam

90 2782 258 2825 rediere
283 2783 354 2825 uel
384 2782 642 2837 propediem
670 2781 895 2833 redibunt,
930 2783 1098 2837 reliqua
1128 2783 1210 2826 erit
1240 2798 1414 2825 summa
1443 2784 1626 2838 XCVII,
1665 2791 1712 2824 ut

89 2872 290 2900 seorsum
316 2857 482 2913 patebit
511 2872 565 2900 ex
590 2857 752 2900 indice.
788 2858 818 2899 Ii
849 2872 1004 2901 omnes
1036 2860 1172 2902 ferme
1211 2860 1399 2914 operarii
1430 2860 1606 2915 (paucis
1635 2874 1711 2902 no-

162 3022 175 3035 “
230 3021 286 3057 Ob
304 3022 635 3060 emendationem,
657 3021 866 3066 confusum
886 3023 955 3056 hoc
974 3022 1148 3057 verbum.

233 3087 385 3112 POLANCI
405 3090 658 3111 coMPLEMENTA
1522 3089 1557 3115 39
