1971 3276
577 235 712 270 EpisT.
739 233 882 268 128.-—¹
916 233 1117 277 JANUARu
1149 232 1235 276 1567
1614 233 1678 264 ozi

98 339 144 381 in
167 351 250 380 suo
279 336 429 392 (idque
462 349 626 390 magna
659 349 762 376 cum
799 334 1009 384 utilitate)
1040 348 1117 388 per
1139 332 1516 387 hypodidascalos
1544 332 1600 373 ab
1624 345 1731 372 uno-

97 426 280 469 quoque
303 426 493 467 pensum
517 411 729 466 exigitur.
765 410 1045 464 Theologiae
1068 418 1113 452 et
1144 408 1451 464 philosophiae
1479 408 1729 461 LXXXIII,

101 489 257 545 reliqui
282 489 419 531 literis
443 487 733 543 politioribus
759 493 941 538 uacant;
969 486 1147 539 utrique
1171 485 1359 541 propriis
1382 493 1425 527 et
1455 484 1605 525 studio
1628 498 1732 525 con-

100 565 386 609 uenientibus
408 563 817 606 exercitationibus
842 570 1139 618 occupantur,
1167 561 1334 605 theseis
1358 567 1615 616 proponunt
1639 574 1732 602 sae-

102 643 215 698 pius,
241 649 631 696 argumentantur,
661 647 747 683 etc.
779 639 903 694 Quin
922 639 1057 683 etiarn
1085 654 1140 681 ex
1168 638 1276 694 ipsis
1305 638 1439 679 animi
1464 636 1731 680 remissioni-

99 723 186 763 bus
203 719 420 775 virt[ut]is
439 718 750 774 [p]rouentum
771 724 815 758 et
835 717 1006 771 gloriae
1024 716 1226 771 capiunt.
1249 716 1303 757 D.
1328 715 1602 758 Catherinae
1620 729 1732 756 mar-

100 797 264 852 tyrium
288 797 343 838 ad
368 796 506 837 instar
539 794 804 849 tragoediae
826 801 894 837 est
925 802 1093 847 actum,
1126 801 1249 835 tanta
1272 792 1589 843 cardinalium,
1616 791 1733 847 prin-

98 874 249 928 cipum
279 873 480 914 uirorum
518 879 562 913 et
589 871 777 913 aliorum
811 870 957 912 omnis
987 870 1170 925 generis
1200 869 1433 911 hominurn
1465 868 1732 922 frequentia,

102 957 151 992 ut
174 950 291 991 illius
313 949 418 990 anni
443 948 659 1002 temporis
684 948 804 1001 quod
828 947 1220 1001 quadragesimam
1256 946 1498 1001 praecedit,
1527 945 1657 986 unica
1682 959 1733 986 ea

105 1029 271 1069 Rornae
295 1024 538 1068 oblectatio
571 1024 709 1066 fuisse
737 1023 957 1066 uideatur.
985 1024 1090 1064 Erat
1114 1031 1261 1064 autern
1287 1022 1403 1063 actio
1426 1021 1662 1071 eiusmodi,
1686 1028 1734 1062 ut

103 1110 380 1158 spectatores
404 1115 494 1142 non
520 1101 652 1142 modo
677 1100 873 1142 iucunda
898 1100 1129 1153 uoluptate
1155 1099 1392 1148 mulceret,
1420 1112 1575 1139 uerum
1599 1097 1731 1140 etiarn

104 1179 160 1221 ad
200 1178 411 1234 pietatem
441 1191 492 1219 ac
527 1176 790 1232 religionem
826 1176 1091 1230 impelleret.
1132 1176 1284 1228 Atque
1313 1175 1424 1215 haec
1453 1174 1509 1215 de
1541 1173 1733 1228 collegio

105 1255 366 1312 germanico
390 1268 594 1296 narrasse
623 1254 678 1295 sit
702 1253 826 1295 satis.

193 1344 261 1385 23.
326 1330 549 1386 Quintum
573 1329 617 1371 in
642 1330 765 1372 Vrbe
787 1329 1028 1372 Societatis
1046 1328 1320 1370 domicilium
1339 1335 1407 1371 est
1425 1327 1731 1370 seminarium.

107 1409 168 1450 Ea
194 1407 357 1450 familia
381 1408 458 1450 CL
483 1408 575 1449 fere
600 1420 837 1448 numerum
869 1405 1040 1460 implet;
1067 1405 1110 1445 in
1141 1404 1304 1458 quibus
1327 1405 1392 1459 (ut
1423 1403 1652 1458 apparebit
1677 1417 1731 1445 ex

105 1484 265 1539 indice)
296 1499 320 1525 e
351 1483 515 1525 nostris
539 1475 643 1533 XX,
671 1482 830 1537 partim
856 1482 1143 1525 seminarium
1171 1490 1310 1523 totum
1335 1481 1608 1535 gubernant,
1635 1493 1729 1534 par-

106 1561 183 1602 tim
207 1560 429 1602 cubiculis
449 1566 681 1615 praesunt,
704 1558 1136 1613 repetitionibusque
1154 1558 1262 1599 dant
1282 1571 1477 1611 operam,
1501 1556 1657 1610 partim
1680 1555 1732 1597 iis

106 1636 362 1679 ministeriis
403 1642 564 1678 uacant
603 1649 718 1689 quae
758 1636 890 1689 paulo
930 1634 1144 1676 maiorem
1186 1633 1443 1675 fidelitatem
1478 1632 1728 1686 requirunt.

105 1713 198 1769 Qui
222 1712 448 1756 seminarii
472 1711 613 1767 ipsius
635 1712 890 1766 sumptibus
912 1712 1109 1763 aluntur,
1141 1710 1396 1752 scholastici
1422 1711 1568 1763 LXX,
1595 1709 1735 1752 ceteri

107 1805 279 1841 omnes,
306 1789 462 1845 paucis
485 1788 686 1844 exceptis
711 1788 906 1839 famulis,
933 1788 1234 1846 conuictores.
1258 1789 1346 1830 Res
1369 1795 1516 1828 autem
1536 1787 1646 1841 ipsa,
1670 1794 1730 1828 ta-

107 1867 238 1911 metsi
263 1874 329 1908 tot
354 1881 378 1908 a
402 1865 620 1921 principio
643 1864 1048 1908 obtrectationibus
1071 1864 1320 1918 exagitata,
1346 1878 1481 1905 cursu
1501 1863 1730 1904 nihilomi-

107 1960 192 1988 nus
214 1946 327 1987 adeo
350 1944 550 1987 secundo
575 1941 856 1997 prouehitur,
886 1949 932 1983 ut
964 1941 1048 1982 iarn
1075 1940 1287 1982 inuidiam
1313 1954 1552 1994 superasse
1582 1940 1731 1982 uidea-

107 2029 195 2071 tur;
223 2028 442 2074 tantoque
465 2019 614 2061 studio
637 2019 733 2061 eius
756 2032 936 2072 quoque
959 2016 1244 2059 contubernii
1269 2018 1363 2058 loca
1388 2018 1486 2071 (nec
1508 2031 1560 2058 ea
1579 2016 1733 2070 gratis)

107 2105 336 2153 petuntur,
365 2104 412 2138 ut
435 2109 570 2149 aegre
602 2107 695 2137 turn
728 2095 1012 2146 excusando,
1048 2103 1140 2134 tum
1171 2093 1436 2145 differendo,
1470 2093 1735 2146 petitoribus

106 2174 318 2216 satisfiat.
366 2174 672 2217 Vehementer
712 2172 754 2212 in
794 2171 932 2213 literis
969 2178 1014 2212 et
1053 2169 1353 2211 sanctimonia
1400 2169 1519 2211 uitae
1557 2168 1734 2210 assidua

111 2251 436 2306 praefectorum
461 2248 695 2304 uigilantia
724 2255 768 2290 et
792 2247 1116 2290 exercitatione
1146 2245 1405 2301 proficiunt.
1439 2245 1529 2299 Qui
1558 2243 1734 2299 proprie

109 2342 136 2370 e
158 2326 396 2368 seminario
418 2332 538 2376 sunt,
564 2325 592 2366 ii
616 2324 748 2368 etiam
774 2323 818 2364 in
841 2322 1158 2378 ecclesiasticis
1178 2321 1351 2371 ritibus,
1374 2335 1549 2363 necnon
1575 2320 1619 2361 in
1640 2334 1731 2361 mu-

111 2403 216 2445 sicis
237 2409 521 2452 exercentur,
540 2400 740 2457 Joannis‚
764 2399 939 2454 egregii
963 2399 1136 2450 musici,
1162 2407 1298 2452 atque
1321 2399 1362 2439 in
1383 2397 1451 2439 his
1475 2397 1736 2452 regionibus

110 2478 407 2529 celeberrimi,
443 2477 694 2533 diligentia3
730 2476 860 2518 cuius
894 2475 972 2516 filii
1001 2476 1091 2517 duo
1124 2475 1167 2516 in
1198 2475 1353 2518 eodem
1389 2473 1627 2516 seminario
1660 2474 1736 2516 de-

114 2562 244 2611 gunt,
271 2554 465 2597 musices
488 2553 593 2596 item
619 2554 750 2594 laude
775 2559 1071 2607 praestantes.
1107 2551 1431 2593 Anniuersaria
1455 2550 1615 2592 natalis
1639 2551 1733 2591 Do—

113 2632 221 2674 mini
252 2631 391 2673 nostri
421 2629 624 2673 solennia
654 2643 756 2670 cum
787 2628 964 2671 actione
995 2628 1163 2681 dialogi
1193 2638 1236 2670 et
1267 2626 1510 2681 psalmodia
1540 2633 1583 2669 et
1612 2626 1738 2668 statis

113 2707 410 2752 caeremoniis
432 2706 547 2749 intra
572 2705 770 2760 priuatos
795 2704 988 2759 parietes
1013 2711 1300 2758 peregerunt,
1330 2704 1461 2744 Patre
1484 2711 1636 2745 nostro
1661 2717 1737 2757 ge-

116 2784 254 2828 nerali
277 2793 320 2825 et
343 2783 504 2825 ceteris
528 2782 601 2836 qui
626 2782 854 2835 affuimus,
888 2795 978 2823 rem
1004 2780 1135 2821 ualde
1165 2779 1474 2834 probantibus.
1503 2780 1736 2833 Quantum

116 2875 223 2903 uero
246 2862 359 2902 haec
393 2859 604 2901 uniuersa
634 2858 846 2900 iuuentus
870 2857 913 2898 in
945 2856 1102 2911 spiritu
1135 2855 1425 2910 moribusque
1459 2863 1736 2910 promoueat,

117 2935 368 2979 uoluntaria
401 2935 600 2990 corporis
632 2934 892 2987 afflictione,
920 2932 1136 2975 modestia
1161 2939 1205 2973 et
1228 2932 1272 2973 in
1297 2931 1506 2974 iuuandis
1530 2932 1741 2987 proximis

118 3011 470 3068 promptitudine
499 3018 634 3065 atque
662 3010 943 3052 humanitate
972 3008 1082 3050 mira
1108 3014 1345 3062 testantur,
1379 3008 1635 3050 huiusmodi
1659 3010 1739 3050 hu-
