1971 3276
567 221 704 255 Eprsr.
741 221 1113 267 128.—-1JANUAR11
1145 221 1230 264 1567
1610 219 1680 262 619

95 323 258 365 Nostra
281 335 442 363 nomen
466 329 532 364 est
558 321 765 372 inditum,
793 321 944 362 multis
968 321 1011 362 in
1039 336 1136 363 eam
1160 320 1312 362 ascitis
1335 319 1576 362 iuuenibus
1599 333 1723 361 sane·

94 412 179 453 que
203 397 354 453 probis
377 405 511 451 atque
535 397 776 439 nobilibus.
803 398 946 441 Suum
972 398 1139 440 habent
1159 398 1264 452 (quo
1287 396 1467 450 expiare
1492 410 1590 438 sese
1608 408 1724 436 com-

96 474 271 516 modius
294 473 480 529 possint)
505 473 671 515 classes
699 473 907 528 singulae
932 473 1280 525 confessarium;
1307 480 1351 515 et
1382 471 1563 525 quidem
1588 472 1727 514 semel

94 565 250 593 omnes
273 550 316 591 in
340 563 511 601 mense,
538 564 651 604 quos
683 564 791 592 uero
820 549 911 591 dixi
944 550 1119 592 sodales
1147 556 1283 603 atque
1306 549 1439 590 etiam
1465 547 1553 601 alii,
1584 548 1726 589 multo

94 627 273 682 saepius
301 627 600 669 confitentur.
633 627 805 668 Crebro
835 626 969 669 etiam
1000 626 1043 668 in
1076 625 1366 668 xenodochiis
1396 632 1440 666 et
1471 624 1575 666 alibi
1599 623 1726 665 mini-

94 704 276 746 strando
299 703 572 758 pauperibus
597 702 669 757 pio
692 702 926 744 christiani
952 702 1148 744 hominis
1173 703 1424 756 funguntur
1448 700 1613 742 officio.
1643 701 1725 742 Ce-

94 787 203 831 tera,
231 780 351 834 quod
376 779 611 821 immutata
637 794 722 821 non
748 787 869 830 sunt,
899 788 1098 834 repetere
1121 779 1408 833 supersedeo.
1450 778 1560 819 lllud
1588 792 1725 819 unum

91 855 308 910 adiungo:
335 856 501 910 scripta
524 856 746 909 quaedam
772 855 963 906 arabica,
990 855 1154 910 quibus
1179 854 1419 910 praecipua
1452 854 1726 895 christianae

93 932 324 976 doctrinae
347 932 493 987 capita
516 932 823 983 continentur,
850 933 893 974 in
918 932 1110 987 collegio
1136 940 1288 973 nostro
1314 932 1429 986 typis
1452 945 1618 974 excusa
1638 930 1726 972 ius-

95 1023 146 1051 su
169 1009 461 1064 impensaque
485 1009 650 1050 summi
672 1009 913 1063 pontificis,
943 1017 989 1050 ut
1014 1008 1065 1050 iis
1091 1016 1242 1050 utatur
1271 1008 1512 1061 aliquando
1535 1006 1646 1048 sicui
1671 1007 1726 1048 ad

95 1087 307 1128 barbaras
329 1085 425 1127 illas
449 1086 654 1126 nationes
676 1085 818 1140 legari
839 1084 1100 1140 contigerit.

189 1175 253 1218 19.
313 1164 413 1218 Jam
439 1176 547 1203 uero
570 1161 665 1216 ipsa
689 1176 868 1216 quoque
892 1161 1069 1217 collegii
1094 1161 1261 1203 fabrica
1280 1168 1324 1202 et
1344 1160 1593 1203 materiatio
1614 1174 1723 1213 quo-

96 1239 201 1281 tidie
225 1246 469 1293 reparatur.
502 1240 677 1280 Bonum
702 1238 990 1292 horologium
1021 1237 1348 1279 illustrissimus
1378 1236 1618 1278 cardinalis
1642 1250 1726 1277 au-

97 1324 320 1369 gustanus
350 1322 680 1369 peropportune
703 1314 893 1368 largitus
922 1322 1005 1357 est.
1039 1313 1086 1355 Id
1116 1321 1221 1368 apto
1250 1312 1442 1368 positum
1478 1313 1576 1354 loco
1617 1313 1726 1353 inul—

101 1401 195 1434 tum
233 1399 278 1434 et
314 1390 493 1445 collegii
524 1399 567 1433 et
599 1390 849 1432 uicinarum
879 1390 1145 1432 familiarum
1178 1389 1334 1431 usibus
1367 1389 1564 1444 prodest.
1595 1390 1725 1430 Prae-

101 1476 221 1512 terea
250 1469 440 1509 duorum
475 1481 652 1517 caussa,
678 1467 843 1521 quibus
868 1468 1067 1509 humana
1091 1466 1182 1508 uita
1206 1466 1396 1508 maxime
1425 1472 1724 1511 sustentatur,

101 1545 228 1599 panis
252 1552 295 1587 et
319 1558 434 1598 aqua
460 1543 684 1595 uidelicet,
712 1544 938 1598 perampla
961 1543 1155 1586 cisterna
1172 1550 1215 1585 et
1254 1543 1415 1584 furnus
1437 1549 1505 1583 est
1527 1541 1725 1592 additus;

98 1635 287 1676 quorum
314 1629 540 1675 utrunque
563 1628 695 1662 antea
719 1621 956 1674 petebatur
977 1619 1275 1662 extrinsecus.
1305 1620 1539 1661 Hactenus
1563 1619 1619 1660 de
1645 1632 1723 1659 no-

100 1705 192 1740 stro
211 1697 419 1752 collegio.
1731 1747 1735 1750 ἡ

188 1786 257 1816 20.
326 1775 551 1828 Quartum
595 1782 661 1816 est
704 1773 882 1828 collegii
923 1772 1169 1827 germanici
1211 1771 1502 1822 domicilium,
1547 1771 1591 1812 in
1641 1784 1730 1824 quo

101 1851 315 1894 CCXXX
338 1850 515 1893 circiter
537 1850 683 1906 capita
713 1857 1023 1892 numerantur.
1056 1850 1170 1891 Nam
1194 1843 1277 1891 etsi
1308 1850 1442 1891 Pater
1473 1856 1625 1890 noster
1649 1861 1724 1901 ge-

100 1927 262 1971 neralis
291 1927 607 1969 commodioris
641 1926 930 1969 habitationis
959 1940 1142 1980 caussa,
1175 1926 1355 1967 modurn
1389 1923 1626 1980 praefinire
1656 1923 1729 1966 de-

101 2010 322 2054 creuerat,
349 2018 405 2046 ne
428 2004 597 2046 CCXX
616 2016 837 2045 summam
856 2002 1142 2053 excederent;
1165 2000 1455 2042 nihilominus
1478 1999 1730 2041 cardinales

101 2079 264 2134 aliique
289 2079 590 2123 honestissimi
615 2079 698 2121 uiri
723 2086 811 2121 tarn
838 2080 1128 2121 uehementer
1151 2077 1419 2132 efflagitant,
1449 2084 1496 2118 ut
1520 2076 1726 2130 aliquan-

101 2157 157 2198 do
180 2156 364 2198 limitem
391 2157 636 2211 praefixum
667 2155 920 2210 transgredi
952 2154 1007 2196 sit
1038 2168 1244 2205 necesse;
1272 2153 1422 2195 multis
1454 2160 1602 2194 tamen
1635 2159 1729 2193 tan-

103 2241 195 2275 tum
224 2246 339 2286 quae
370 2232 570 2287 proxime
600 2231 862 2274 uacauerint
893 2232 990 2272 loca
1028 2231 1163 2285 (quod
1202 2230 1347 2284 ipsum
1385 2243 1473 2270 non
1504 2227 1629 2283 parui
1673 2228 1729 2269 fa-

101 2308 240 2362 ciunt)
273 2308 617 2363 promittuntur,
645 2317 778 2361 atque
809 2314 856 2348 ut
886 2307 1125 2349 subridens
1156 2305 1336 2360 quidam
1370 2319 1394 2347 e
1427 2303 1729 2346 cardinalibus

101 2384 227 2438 dixit,
249 2385 517 2427 statuendus
535 2391 629 2427 erat
647 2384 846 2426 datarius
865 2371 1175 2437 quo‘petitoris
1194 2380 1488 2424 uetustissimi
1509 2380 1731 2433 cuiusque

104 2461 342 2516 praecipua
366 2460 477 2502 ratio
500 2461 756 2503 duceretur.
784 2459 935 2501 Huius
965 2458 1145 2510 collegii
1175 2457 1550 2499 existimationem
1576 2470 1628 2498 ea
1662 2469 1732 2497 res

103 2538 287 2580 forsitan
311 2536 448 2588 auxit,
475 2537 594 2591 quod
617 2547 821 2578 summus
844 2535 1047 2590 pontifex
1078 2535 1243 2576 sororis
1273 2547 1382 2575 suae
1406 2540 1613 2587 nepotes,
1640 2539 1731 2573 tum

102 2629 203 2657 eum
228 2613 303 2667 qui
333 2613 464 2655 hodie
486 2612 723 2655 cardinalis
757 2611 1094 2655 Alexandrinus
1120 2619 1324 2661 uocatur,
1351 2618 1443 2650 tum
1475 2608 1585 2652 alios
1621 2609 1734 2650 duos

101 2690 198 2732 eius
227 2691 385 2732 fratres
414 2689 577 2732 ibidem
617 2689 877 2732 educandos
911 2687 1104 2743 curauit,
1135 2695 1269 2741 atque
1298 2685 1543 2729 etiamnum
1575 2684 1734 2727 tertius

102 2767 322 2808 educatur
345 2780 448 2808 curn
471 2765 557 2807 alio
583 2764 870 2815 consobrino,
892 2772 935 2806 et
954 2763 1051 2805 aliis
1069 2762 1267 2818 quinque
1290 2775 1428 2804 sexue
1452 2760 1732 2816 propinquis,

102 2843 147 2884 in
171 2856 298 2896 quos,
325 2842 459 2884 officii
483 2855 655 2893 caussa,
681 2840 938 2882 huiusmodi
961 2838 1257 2881 institutionis
1280 2837 1551 2881 beneficium
1574 2844 1731 2878 contu—

103 2917 167 2960 lit.
194 2920 310 2961 Cum
334 2927 484 2961 autem
508 2925 650 2960 rector
676 2917 876 2960 eiusdem
900 2914 1094 2970 collegii,
1121 2913 1409 2969 pontificatus
1428 2913 1574 2965 initio,
1597 2926 1734 2966 quae-

97 3002 221 3037 reret
244 2994 472 3048 quomodo
495 2994 632 3036 uellet
654 3007 764 3035 suos
787 2998 1007 3046 cognatos
1037 2990 1190 3032 haberi
1227 3003 1335 3032 suae
1373 2989 1477 3032 fidei
1505 3003 1732 3031 commen-
