<?xml version="1.0" encoding="UTF-8"?>
<!DOCTYPE html PUBLIC "-//W3C//DTD XHTML 1.0 Transitional//EN"
    "http://www.w3.org/TR/xhtml1/DTD/xhtml1-transitional.dtd">
<html xmlns="http://www.w3.org/1999/xhtml" xml:lang="en" lang="en">
 <head>
  <title>
</title>
<meta http-equiv="Content-Type" content="text/html;charset=utf-8" />
  <meta name='ocr-system' content='tesseract 3.04.00' />
  <meta name='ocr-capabilities' content='ocr_page ocr_carea ocr_par ocr_line ocrx_word'/>
</head>
<body>
  <div class='ocr_page' id='page_1' title='image "./polancicomplemen06pola_0602.png"; bbox 0 0 1971 3276; ppageno 0'>
   <div class='ocr_carea' id='block_1_1' title="bbox 291 235 1332 276">
    <p class='ocr_par' dir='ltr' id='par_1_1' title="bbox 291 235 1332 276">
     <span class='ocr_line' id='line_1_1' title="bbox 291 235 1332 276; baseline 0.007 -10"><span class='ocrx_word' id='word_1_1' title='bbox 291 236 360 276; x_wconf 78' lang='lat'>560</span> <span class='ocrx_word' id='word_1_2' title='bbox 790 235 978 272; x_wconf 73' lang='lat' dir='ltr'>POLANm</span> <span class='ocrx_word' id='word_1_3' title='bbox 1015 246 1332 273; x_wconf 79' lang='lat' dir='ltr'>COMPLEMENTA</span> 
     </span>
    </p>
   </div>
   <div class='ocr_carea' id='block_1_2' title="bbox 239 333 1878 2854">
    <p class='ocr_par' dir='ltr' id='par_1_2' title="bbox 240 333 1877 628">
     <span class='ocr_line' id='line_1_2' title="bbox 241 333 1875 390; baseline 0.008 -16"><span class='ocrx_word' id='word_1_4' title='bbox 241 333 348 387; x_wconf 84' lang='lat' dir='ltr'>gnia</span> <span class='ocrx_word' id='word_1_5' title='bbox 372 335 456 377; x_wconf 90' lang='lat' dir='ltr'>che</span> <span class='ocrx_word' id='word_1_6' title='bbox 485 336 667 378; x_wconf 81' lang='lat' dir='ltr'>attende</span> <span class='ocrx_word' id='word_1_7' title='bbox 696 351 721 377; x_wconf 92' lang='lat' dir='ltr'>a</span> <span class='ocrx_word' id='word_1_8' title='bbox 745 344 905 390; x_wconf 86' lang='lat' dir='ltr'>questo</span> <span class='ocrx_word' id='word_1_9' title='bbox 929 338 1077 380; x_wconf 90' lang='lat' dir='ltr'>officio</span> <span class='ocrx_word' id='word_1_10' title='bbox 1108 339 1150 380; x_wconf 91' lang='lat' dir='ltr'>di</span> <span class='ocrx_word' id='word_1_11' title='bbox 1176 339 1332 382; x_wconf 67' lang='lat' dir='ltr'>carita.</span> <span class='ocrx_word' id='word_1_12' title='bbox 1361 341 1459 383; x_wconf 83' lang='lat' dir='ltr'>Con</span> <span class='ocrx_word' id='word_1_13' title='bbox 1485 349 1603 385; x_wconf 86' lang='lat' dir='ltr'>tutto</span> <span class='ocrx_word' id='word_1_14' title='bbox 1632 343 1704 386; x_wconf 85' lang='lat' dir='ltr'>cio</span> <span class='ocrx_word' id='word_1_15' title='bbox 1725 345 1875 387; x_wconf 89' lang='lat' dir='ltr'>alcuni</span> 
     </span>
     <span class='ocr_line' id='line_1_3' title="bbox 241 412 1874 476; baseline 0.007 -24"><span class='ocrx_word' id='word_1_16' title='bbox 241 413 328 452; x_wconf 86' lang='lat' dir='ltr'>che</span> <span class='ocrx_word' id='word_1_17' title='bbox 353 413 514 453; x_wconf 74' lang='lat' dir='ltr'>furono</span> <span class='ocrx_word' id='word_1_18' title='bbox 537 412 740 454; x_wconf 84' lang='lat' dir='ltr'>conuinti</span> <span class='ocrx_word' id='word_1_19' title='bbox 758 413 802 455; x_wconf 89' lang='lat' dir='ltr'>di</span> <span class='ocrx_word' id='word_1_20' title='bbox 826 415 965 457; x_wconf 89' lang='lat' dir='ltr'>hauer</span> <span class='ocrx_word' id='word_1_21' title='bbox 985 415 1256 470; x_wconf 86' lang='lat' dir='ltr'>congiurato</span> <span class='ocrx_word' id='word_1_22' title='bbox 1278 418 1321 459; x_wconf 89' lang='lat' dir='ltr'>di</span> <span class='ocrx_word' id='word_1_23' title='bbox 1341 432 1544 461; x_wconf 83' lang='lat' dir='ltr'>amazzar</span> <span class='ocrx_word' id='word_1_24' title='bbox 1564 419 1591 460; x_wconf 93' lang='lat' dir='ltr'>il</span> <span class='ocrx_word' id='word_1_25' title='bbox 1612 435 1740 476; x_wconf 87' lang='lat' dir='ltr'>papa,</span> <span class='ocrx_word' id='word_1_26' title='bbox 1768 429 1812 465; x_wconf 92' lang='lat' dir='ltr'>et</span> <span class='ocrx_word' id='word_1_27' title='bbox 1837 423 1874 463; x_wconf 86' lang='lat' dir='ltr'>la</span> 
     </span>
     <span class='ocr_line' id='line_1_4' title="bbox 240 487 1877 545; baseline 0.008 -17"><span class='ocrx_word' id='word_1_28' title='bbox 240 487 348 530; x_wconf 75' lang='lat' dir='ltr'>citta</span> <span class='ocrx_word' id='word_1_29' title='bbox 377 489 474 530; x_wconf 89' lang='lat' dir='ltr'>uole</span> <span class='ocrx_word' id='word_1_30' title='bbox 497 503 543 530; x_wconf 87' lang='lat' dir='ltr'>se</span> <span class='ocrx_word' id='word_1_31' title='bbox 569 504 624 532; x_wconf 90' lang='lat' dir='ltr'>ne</span> <span class='ocrx_word' id='word_1_32' title='bbox 650 489 821 533; x_wconf 79' lang='lat' dir='ltr'>facesse</span> <span class='ocrx_word' id='word_1_33' title='bbox 839 490 1060 545; x_wconf 88' lang='lat' dir='ltr'>giustitia,</span> <span class='ocrx_word' id='word_1_34' title='bbox 1085 494 1246 535; x_wconf 83' lang='lat' dir='ltr'>furono</span> <span class='ocrx_word' id='word_1_35' title='bbox 1264 495 1320 536; x_wconf 88' lang='lat' dir='ltr'>da</span> <span class='ocrx_word' id='word_1_36' title='bbox 1344 495 1373 536; x_wconf 92' lang='lat' dir='ltr'>li</span> <span class='ocrx_word' id='word_1_37' title='bbox 1398 496 1536 537; x_wconf 81' lang='lat' dir='ltr'>nostri</span> <span class='ocrx_word' id='word_1_38' title='bbox 1561 497 1719 541; x_wconf 89' lang='lat' dir='ltr'>aiutati</span> <span class='ocrx_word' id='word_1_39' title='bbox 1737 513 1762 540; x_wconf 91' lang='lat' dir='ltr'>a</span> <span class='ocrx_word' id='word_1_40' title='bbox 1786 513 1877 541; x_wconf 92' lang='lat' dir='ltr'>mo·</span> 
     </span>
     <span class='ocr_line' id='line_1_5' title="bbox 241 565 1578 628; baseline 0.007 -23"><span class='ocrx_word' id='word_1_41' title='bbox 241 565 342 616; x_wconf 88' lang='lat' dir='ltr'>rire,</span> <span class='ocrx_word' id='word_1_42' title='bbox 370 565 381 606; x_wconf 94' lang='lat' dir='ltr'>i</span> <span class='ocrx_word' id='word_1_43' title='bbox 405 566 523 619; x_wconf 84' lang='lat' dir='ltr'>quali</span> <span class='ocrx_word' id='word_1_44' title='bbox 548 567 748 611; x_wconf 85' lang='lat' dir='ltr'>hebbero</span> <span class='ocrx_word' id='word_1_45' title='bbox 771 568 845 610; x_wconf 91' lang='lat' dir='ltr'>dal</span> <span class='ocrx_word' id='word_1_46' title='bbox 869 583 983 623; x_wconf 89' lang='lat' dir='ltr'>papa</span> <span class='ocrx_word' id='word_1_47' title='bbox 1006 570 1201 612; x_wconf 68' lang='lat' dir='ltr'>autorita</span> <span class='ocrx_word' id='word_1_48' title='bbox 1226 571 1270 612; x_wconf 90' lang='lat' dir='ltr'>di</span> <span class='ocrx_word' id='word_1_49' title='bbox 1294 573 1578 628; x_wconf 87' lang='lat' dir='ltr'>assoluergli.</span> 
     </span>
    </p>

    <p class='ocr_par' dir='ltr' id='par_1_3' title="bbox 239 644 1878 2068">
     <span class='ocr_line' id='line_1_6' title="bbox 330 644 1877 707; baseline 0.006 -23"><span class='ocrx_word' id='word_1_50' title='bbox 330 655 402 696; x_wconf 82' lang='lat'>43.</span> <span class='ocrx_word' id='word_1_51' title='bbox 470 644 657 697; x_wconf 73' lang='lat' dir='ltr'>Quanto</span> <span class='ocrx_word' id='word_1_52' title='bbox 678 660 702 686; x_wconf 90' lang='lat' dir='ltr'>a</span> <span class='ocrx_word' id='word_1_53' title='bbox 726 644 790 700; x_wconf 89' lang='lat' dir='ltr'>gli</span> <span class='ocrx_word' id='word_1_54' title='bbox 814 646 953 687; x_wconf 88' lang='lat' dir='ltr'>studii</span> <span class='ocrx_word' id='word_1_55' title='bbox 977 647 1013 688; x_wconf 87' lang='lat' dir='ltr'>si</span> <span class='ocrx_word' id='word_1_56' title='bbox 1038 647 1062 689; x_wconf 76' lang='lat' dir='ltr'>e</span> <span class='ocrx_word' id='word_1_57' title='bbox 1086 648 1336 702; x_wconf 79' lang='lat' dir='ltr'>parimente</span> <span class='ocrx_word' id='word_1_58' title='bbox 1360 656 1505 693; x_wconf 90' lang='lat' dir='ltr'>atteso</span> <span class='ocrx_word' id='word_1_59' title='bbox 1526 651 1610 693; x_wconf 90' lang='lat' dir='ltr'>alla</span> <span class='ocrx_word' id='word_1_60' title='bbox 1634 652 1877 707; x_wconf 87' lang='lat' dir='ltr'>perfettion</span> 
     </span>
     <span class='ocr_line' id='line_1_7' title="bbox 242 719 1874 781; baseline 0.007 -22"><span class='ocrx_word' id='word_1_61' title='bbox 242 719 285 760; x_wconf 84' lang='lat' dir='ltr'>di</span> <span class='ocrx_word' id='word_1_62' title='bbox 308 719 410 762; x_wconf 90' lang='lat' dir='ltr'>essi.</span> <span class='ocrx_word' id='word_1_63' title='bbox 439 720 611 762; x_wconf 84' lang='lat' dir='ltr'>Stando</span> <span class='ocrx_word' id='word_1_64' title='bbox 630 721 704 776; x_wconf 86' lang='lat' dir='ltr'>qui</span> <span class='ocrx_word' id='word_1_65' title='bbox 724 722 764 764; x_wconf 90' lang='lat' dir='ltr'>la</span> <span class='ocrx_word' id='word_1_66' title='bbox 782 723 1143 778; x_wconf 77' lang='lat' dir='ltr'>congregatione</span> <span class='ocrx_word' id='word_1_67' title='bbox 1163 727 1394 781; x_wconf 83' lang='lat' dir='ltr'>generale,</span> <span class='ocrx_word' id='word_1_68' title='bbox 1416 726 1452 768; x_wconf 91' lang='lat' dir='ltr'>si</span> <span class='ocrx_word' id='word_1_69' title='bbox 1478 734 1667 770; x_wconf 90' lang='lat' dir='ltr'>tennero</span> <span class='ocrx_word' id='word_1_70' title='bbox 1692 730 1874 772; x_wconf 91' lang='lat' dir='ltr'>conclu-</span> 
     </span>
     <span class='ocr_line' id='line_1_8' title="bbox 242 796 1878 861; baseline 0.007 -24"><span class='ocrx_word' id='word_1_71' title='bbox 242 796 355 837; x_wconf 84' lang='lat' dir='ltr'>sioni</span> <span class='ocrx_word' id='word_1_72' title='bbox 388 797 598 851; x_wconf 76' lang='lat' dir='ltr'>publiche</span> <span class='ocrx_word' id='word_1_73' title='bbox 627 798 670 839; x_wconf 90' lang='lat' dir='ltr'>in</span> <span class='ocrx_word' id='word_1_74' title='bbox 703 799 930 855; x_wconf 83' lang='lat' dir='ltr'>theologia</span> <span class='ocrx_word' id='word_1_75' title='bbox 960 799 1005 841; x_wconf 92' lang='lat' dir='ltr'>in</span> <span class='ocrx_word' id='word_1_76' title='bbox 1035 801 1188 844; x_wconf 81' lang='lat' dir='ltr'>chiesa</span> <span class='ocrx_word' id='word_1_77' title='bbox 1219 811 1390 857; x_wconf 85' lang='lat' dir='ltr'>nostra,</span> <span class='ocrx_word' id='word_1_78' title='bbox 1416 812 1460 846; x_wconf 88' lang='lat' dir='ltr'>et</span> <span class='ocrx_word' id='word_1_79' title='bbox 1490 806 1633 848; x_wconf 85' lang='lat' dir='ltr'>anche</span> <span class='ocrx_word' id='word_1_80' title='bbox 1663 805 1706 847; x_wconf 90' lang='lat' dir='ltr'>in</span> <span class='ocrx_word' id='word_1_81' title='bbox 1732 808 1878 861; x_wconf 91' lang='lat' dir='ltr'>quella</span> 
     </span>
     <span class='ocr_line' id='line_1_9' title="bbox 239 873 1877 938; baseline 0.008 -24"><span class='ocrx_word' id='word_1_82' title='bbox 239 873 310 915; x_wconf 88' lang='lat' dir='ltr'>del</span> <span class='ocrx_word' id='word_1_83' title='bbox 335 874 530 928; x_wconf 90' lang='lat' dir='ltr'>collegio</span> <span class='ocrx_word' id='word_1_84' title='bbox 554 875 734 918; x_wconf 87' lang='lat' dir='ltr'>diuerse</span> <span class='ocrx_word' id='word_1_85' title='bbox 759 877 897 928; x_wconf 78' lang='lat' dir='ltr'>nolte,</span> <span class='ocrx_word' id='word_1_86' title='bbox 924 877 961 920; x_wconf 81' lang='lat' dir='ltr'>si</span> <span class='ocrx_word' id='word_1_87' title='bbox 985 877 1028 919; x_wconf 93' lang='lat' dir='ltr'>in</span> <span class='ocrx_word' id='word_1_88' title='bbox 1055 879 1283 934; x_wconf 87' lang='lat' dir='ltr'>theologia</span> <span class='ocrx_word' id='word_1_89' title='bbox 1302 895 1431 924; x_wconf 89' lang='lat' dir='ltr'>come</span> <span class='ocrx_word' id='word_1_90' title='bbox 1451 881 1493 923; x_wconf 88' lang='lat' dir='ltr'>in</span> <span class='ocrx_word' id='word_1_91' title='bbox 1515 881 1812 938; x_wconf 78' lang='lat' dir='ltr'>philosophia3</span> <span class='ocrx_word' id='word_1_92' title='bbox 1833 893 1877 927; x_wconf 92' lang='lat' dir='ltr'>et</span> 
     </span>
     <span class='ocr_line' id='line_1_10' title="bbox 240 950 1876 1011; baseline 0.007 -20"><span class='ocrx_word' id='word_1_93' title='bbox 240 950 275 991; x_wconf 85' lang='lat' dir='ltr'>si</span> <span class='ocrx_word' id='word_1_94' title='bbox 303 951 451 993; x_wconf 86' lang='lat' dir='ltr'>fecero</span> <span class='ocrx_word' id='word_1_95' title='bbox 481 959 544 993; x_wconf 85' lang='lat' dir='ltr'>tre</span> <span class='ocrx_word' id='word_1_96' title='bbox 574 952 644 995; x_wconf 89' lang='lat' dir='ltr'>de&#39;</span> <span class='ocrx_word' id='word_1_97' title='bbox 677 953 819 995; x_wconf 81' lang='lat' dir='ltr'>nostri</span> <span class='ocrx_word' id='word_1_98' title='bbox 843 954 1010 995; x_wconf 89' lang='lat' dir='ltr'>dottori</span> <span class='ocrx_word' id='word_1_99' title='bbox 1035 955 1077 996; x_wconf 86' lang='lat' dir='ltr'>in</span> <span class='ocrx_word' id='word_1_100' title='bbox 1104 956 1351 1011; x_wconf 86' lang='lat' dir='ltr'>theologia,</span> <span class='ocrx_word' id='word_1_101' title='bbox 1376 958 1465 1000; x_wconf 90' lang='lat' dir='ltr'>due</span> <span class='ocrx_word' id='word_1_102' title='bbox 1496 959 1719 1002; x_wconf 87' lang='lat' dir='ltr'>alemanni</span> <span class='ocrx_word' id='word_1_103' title='bbox 1742 968 1786 1003; x_wconf 91' lang='lat' dir='ltr'>et</span> <span class='ocrx_word' id='word_1_104' title='bbox 1817 975 1876 1003; x_wconf 91' lang='lat' dir='ltr'>un</span> 
     </span>
     <span class='ocr_line' id='line_1_11' title="bbox 241 1028 1877 1092; baseline 0.009 -26"><span class='ocrx_word' id='word_1_105' title='bbox 241 1028 449 1078; x_wconf 83' lang='lat' dir='ltr'>bohemo,</span> <span class='ocrx_word' id='word_1_106' title='bbox 473 1042 550 1082; x_wconf 90' lang='lat' dir='ltr'>per</span> <span class='ocrx_word' id='word_1_107' title='bbox 570 1030 608 1071; x_wconf 91' lang='lat' dir='ltr'>la</span> <span class='ocrx_word' id='word_1_108' title='bbox 629 1029 850 1073; x_wconf 75' lang='lat' dir='ltr'>necessita</span> <span class='ocrx_word' id='word_1_109' title='bbox 868 1033 952 1072; x_wconf 88' lang='lat' dir='ltr'>che</span> <span class='ocrx_word' id='word_1_110' title='bbox 971 1033 1210 1075; x_wconf 89' lang='lat' dir='ltr'>haueuano</span> <span class='ocrx_word' id='word_1_111' title='bbox 1229 1033 1273 1074; x_wconf 89' lang='lat' dir='ltr'>di</span> <span class='ocrx_word' id='word_1_112' title='bbox 1292 1043 1454 1088; x_wconf 86' lang='lat' dir='ltr'>questo</span> <span class='ocrx_word' id='word_1_113' title='bbox 1475 1037 1617 1090; x_wconf 90' lang='lat' dir='ltr'>grado</span> <span class='ocrx_word' id='word_1_114' title='bbox 1636 1050 1714 1092; x_wconf 90' lang='lat' dir='ltr'>per</span> <span class='ocrx_word' id='word_1_115' title='bbox 1732 1037 1760 1078; x_wconf 93' lang='lat' dir='ltr'>li</span> <span class='ocrx_word' id='word_1_116' title='bbox 1779 1038 1877 1080; x_wconf 90' lang='lat' dir='ltr'>suoi</span> 
     </span>
     <span class='ocr_line' id='line_1_12' title="bbox 242 1104 1876 1167; baseline 0.007 -23"><span class='ocrx_word' id='word_1_117' title='bbox 242 1104 492 1147; x_wconf 85' lang='lat' dir='ltr'>ministerii.</span> <span class='ocrx_word' id='word_1_118' title='bbox 527 1106 641 1148; x_wconf 87' lang='lat' dir='ltr'>Nelli</span> <span class='ocrx_word' id='word_1_119' title='bbox 672 1106 755 1148; x_wconf 87' lang='lat' dir='ltr'>arti</span> <span class='ocrx_word' id='word_1_120' title='bbox 786 1121 949 1150; x_wconf 82' lang='lat' dir='ltr'>ancora</span> <span class='ocrx_word' id='word_1_121' title='bbox 981 1110 1016 1149; x_wconf 89' lang='lat' dir='ltr'>si</span> <span class='ocrx_word' id='word_1_122' title='bbox 1047 1110 1339 1164; x_wconf 87' lang='lat' dir='ltr'>graduorono</span> <span class='ocrx_word' id='word_1_123' title='bbox 1365 1111 1464 1153; x_wconf 91' lang='lat' dir='ltr'>sino</span> <span class='ocrx_word' id='word_1_124' title='bbox 1488 1128 1512 1154; x_wconf 92' lang='lat' dir='ltr'>a</span> <span class='ocrx_word' id='word_1_125' title='bbox 1543 1125 1597 1167; x_wconf 83' lang='lat'>23</span> <span class='ocrx_word' id='word_1_126' title='bbox 1628 1114 1696 1156; x_wconf 73' lang='lat' dir='ltr'>de&#39;</span> <span class='ocrx_word' id='word_1_127' title='bbox 1719 1115 1876 1166; x_wconf 86' lang='lat' dir='ltr'>nostri,</span> 
     </span>
     <span class='ocr_line' id='line_1_13' title="bbox 240 1181 1878 1241; baseline 0.007 -20"><span class='ocrx_word' id='word_1_128' title='bbox 240 1182 327 1223; x_wconf 89' lang='lat' dir='ltr'>che</span> <span class='ocrx_word' id='word_1_129' title='bbox 352 1181 593 1224; x_wconf 87' lang='lat' dir='ltr'>haueuano</span> <span class='ocrx_word' id='word_1_130' title='bbox 617 1183 743 1224; x_wconf 87' lang='lat' dir='ltr'>finito</span> <span class='ocrx_word' id='word_1_131' title='bbox 767 1183 794 1224; x_wconf 93' lang='lat' dir='ltr'>il</span> <span class='ocrx_word' id='word_1_132' title='bbox 818 1198 949 1226; x_wconf 87' lang='lat' dir='ltr'>corso</span> <span class='ocrx_word' id='word_1_133' title='bbox 973 1199 1058 1226; x_wconf 88' lang='lat' dir='ltr'>con</span> <span class='ocrx_word' id='word_1_134' title='bbox 1086 1187 1223 1227; x_wconf 86' lang='lat' dir='ltr'>molto</span> <span class='ocrx_word' id='word_1_135' title='bbox 1247 1187 1445 1241; x_wconf 71' lang='lat' dir='ltr'>profitto.</span> <span class='ocrx_word' id='word_1_136' title='bbox 1475 1189 1523 1232; x_wconf 87' lang='lat' dir='ltr'>Si</span> <span class='ocrx_word' id='word_1_137' title='bbox 1545 1190 1570 1231; x_wconf 81' lang='lat' dir='ltr'>e</span> <span class='ocrx_word' id='word_1_138' title='bbox 1592 1191 1698 1232; x_wconf 88' lang='lat' dir='ltr'>dato</span> <span class='ocrx_word' id='word_1_139' title='bbox 1722 1191 1878 1234; x_wconf 84' lang='lat' dir='ltr'>ordine</span> 
     </span>
     <span class='ocr_line' id='line_1_14' title="bbox 241 1258 1877 1320; baseline 0.007 -22"><span class='ocrx_word' id='word_1_140' title='bbox 241 1258 311 1299; x_wconf 81' lang='lat' dir='ltr'>dal</span> <span class='ocrx_word' id='word_1_141' title='bbox 337 1267 490 1299; x_wconf 83' lang='lat' dir='ltr'>nostro</span> <span class='ocrx_word' id='word_1_142' title='bbox 517 1260 658 1302; x_wconf 80' lang='lat' dir='ltr'>Padre</span> <span class='ocrx_word' id='word_1_143' title='bbox 682 1268 851 1314; x_wconf 85' lang='lat' dir='ltr'>quanto</span> <span class='ocrx_word' id='word_1_144' title='bbox 875 1262 961 1303; x_wconf 91' lang='lat' dir='ltr'>alla</span> <span class='ocrx_word' id='word_1_145' title='bbox 985 1263 1253 1306; x_wconf 79' lang='lat' dir='ltr'>conformita</span> <span class='ocrx_word' id='word_1_146' title='bbox 1276 1264 1392 1307; x_wconf 88' lang='lat' dir='ltr'>delle</span> <span class='ocrx_word' id='word_1_147' title='bbox 1422 1265 1622 1320; x_wconf 88' lang='lat' dir='ltr'>opinioni</span> <span class='ocrx_word' id='word_1_148' title='bbox 1649 1268 1753 1309; x_wconf 87' lang='lat' dir='ltr'>nelli</span> <span class='ocrx_word' id='word_1_149' title='bbox 1786 1275 1877 1310; x_wconf 90' lang='lat' dir='ltr'>stu-</span> 
     </span>
     <span class='ocr_line' id='line_1_15' title="bbox 241 1334 1877 1396; baseline 0.007 -21"><span class='ocrx_word' id='word_1_150' title='bbox 241 1334 301 1375; x_wconf 87' lang='lat' dir='ltr'>dii</span> <span class='ocrx_word' id='word_1_151' title='bbox 335 1335 556 1389; x_wconf 78' lang='lat' dir='ltr'>superiori</span> <span class='ocrx_word' id='word_1_152' title='bbox 584 1336 626 1377; x_wconf 89' lang='lat' dir='ltr'>di</span> <span class='ocrx_word' id='word_1_153' title='bbox 658 1338 886 1391; x_wconf 85' lang='lat' dir='ltr'>theologia</span> <span class='ocrx_word' id='word_1_154' title='bbox 916 1346 960 1380; x_wconf 90' lang='lat' dir='ltr'>et</span> <span class='ocrx_word' id='word_1_155' title='bbox 984 1338 1282 1395; x_wconf 79' lang='lat' dir='ltr'>philosophia,</span> <span class='ocrx_word' id='word_1_156' title='bbox 1315 1343 1608 1396; x_wconf 89' lang='lat' dir='ltr'>prouedendo</span> <span class='ocrx_word' id='word_1_157' title='bbox 1628 1346 1712 1386; x_wconf 93' lang='lat' dir='ltr'>che</span> <span class='ocrx_word' id='word_1_158' title='bbox 1736 1345 1840 1387; x_wconf 90' lang='lat' dir='ltr'>tutti</span> <span class='ocrx_word' id='word_1_159' title='bbox 1865 1345 1877 1386; x_wconf 93' lang='lat' dir='ltr'>i</span> 
     </span>
     <span class='ocr_line' id='line_1_16' title="bbox 244 1412 1875 1470; baseline 0.009 -20"><span class='ocrx_word' id='word_1_160' title='bbox 244 1412 424 1454; x_wconf 85' lang='lat' dir='ltr'>maestri</span> <span class='ocrx_word' id='word_1_161' title='bbox 448 1412 689 1467; x_wconf 88' lang='lat' dir='ltr'>insegnino</span> <span class='ocrx_word' id='word_1_162' title='bbox 713 1414 753 1456; x_wconf 93' lang='lat' dir='ltr'>la</span> <span class='ocrx_word' id='word_1_163' title='bbox 776 1415 973 1457; x_wconf 86' lang='lat' dir='ltr'>dottrina</span> <span class='ocrx_word' id='word_1_164' title='bbox 998 1416 1074 1470; x_wconf 79' lang='lat' dir='ltr'>piu</span> <span class='ocrx_word' id='word_1_165' title='bbox 1096 1416 1243 1459; x_wconf 89' lang='lat' dir='ltr'>sicura</span> <span class='ocrx_word' id='word_1_166' title='bbox 1262 1426 1305 1460; x_wconf 91' lang='lat' dir='ltr'>et</span> <span class='ocrx_word' id='word_1_167' title='bbox 1323 1418 1482 1470; x_wconf 84' lang='lat' dir='ltr'>solida,</span> <span class='ocrx_word' id='word_1_168' title='bbox 1509 1435 1643 1463; x_wconf 90' lang='lat' dir='ltr'>senza</span> <span class='ocrx_word' id='word_1_169' title='bbox 1665 1429 1815 1464; x_wconf 87' lang='lat' dir='ltr'>entrar</span> <span class='ocrx_word' id='word_1_170' title='bbox 1833 1422 1875 1464; x_wconf 88' lang='lat' dir='ltr'>in</span> 
     </span>
     <span class='ocr_line' id='line_1_17' title="bbox 242 1488 1878 1551; baseline 0.007 -22"><span class='ocrx_word' id='word_1_171' title='bbox 242 1488 413 1542; x_wconf 69' lang='lat' dir='ltr'>nonita,</span> <span class='ocrx_word' id='word_1_172' title='bbox 441 1491 524 1532; x_wconf 85' lang='lat' dir='ltr'>che</span> <span class='ocrx_word' id='word_1_173' title='bbox 547 1490 770 1533; x_wconf 68' lang='lat' dir='ltr'>ancorche</span> <span class='ocrx_word' id='word_1_174' title='bbox 803 1506 890 1532; x_wconf 91' lang='lat' dir='ltr'>non</span> <span class='ocrx_word' id='word_1_175' title='bbox 925 1500 1180 1535; x_wconf 85' lang='lat' dir='ltr'>toccassero</span> <span class='ocrx_word' id='word_1_176' title='bbox 1220 1495 1307 1536; x_wconf 86' lang='lat' dir='ltr'>alla</span> <span class='ocrx_word' id='word_1_177' title='bbox 1340 1496 1453 1548; x_wconf 85' lang='lat' dir='ltr'>fede,</span> <span class='ocrx_word' id='word_1_178' title='bbox 1485 1497 1689 1551; x_wconf 85' lang='lat' dir='ltr'>potriano</span> <span class='ocrx_word' id='word_1_179' title='bbox 1732 1499 1878 1541; x_wconf 88' lang='lat' dir='ltr'>aiutar</span> 
     </span>
     <span class='ocr_line' id='line_1_18' title="bbox 245 1567 1874 1627; baseline 0.008 -22"><span class='ocrx_word' id='word_1_180' title='bbox 245 1580 376 1608; x_wconf 89' lang='lat' dir='ltr'>meno</span> <span class='ocrx_word' id='word_1_181' title='bbox 405 1568 489 1608; x_wconf 84' lang='lat' dir='ltr'>alla</span> <span class='ocrx_word' id='word_1_182' title='bbox 521 1567 687 1608; x_wconf 87' lang='lat' dir='ltr'>unione</span> <span class='ocrx_word' id='word_1_183' title='bbox 718 1568 834 1610; x_wconf 86' lang='lat' dir='ltr'>della</span> <span class='ocrx_word' id='word_1_184' title='bbox 863 1569 1052 1619; x_wconf 78' lang='lat' dir='ltr'>charita,</span> <span class='ocrx_word' id='word_1_185' title='bbox 1086 1571 1169 1611; x_wconf 86' lang='lat' dir='ltr'>che</span> <span class='ocrx_word' id='word_1_186' title='bbox 1201 1571 1229 1611; x_wconf 89' lang='lat' dir='ltr'>il</span> <span class='ocrx_word' id='word_1_187' title='bbox 1259 1579 1413 1613; x_wconf 90' lang='lat' dir='ltr'>nostro</span> <span class='ocrx_word' id='word_1_188' title='bbox 1447 1572 1657 1615; x_wconf 84' lang='lat' dir='ltr'>instituto</span> <span class='ocrx_word' id='word_1_189' title='bbox 1691 1574 1874 1627; x_wconf 85' lang='lat' dir='ltr'>ricerca,</span> 
     </span>
     <span class='ocr_line' id='line_1_19' title="bbox 242 1643 1874 1702; baseline 0.007 -20"><span class='ocrx_word' id='word_1_190' title='bbox 242 1643 424 1695; x_wconf 76' lang='lat' dir='ltr'>quando</span> <span class='ocrx_word' id='word_1_191' title='bbox 447 1643 485 1683; x_wconf 86' lang='lat' dir='ltr'>ci</span> <span class='ocrx_word' id='word_1_192' title='bbox 510 1644 682 1694; x_wconf 87' lang='lat' dir='ltr'>ordina,</span> <span class='ocrx_word' id='word_1_193' title='bbox 712 1653 757 1685; x_wconf 87' lang='lat' dir='ltr'>ut</span> <span class='ocrx_word' id='word_1_194' title='bbox 782 1644 898 1686; x_wconf 89' lang='lat' dir='ltr'>idem</span> <span class='ocrx_word' id='word_1_195' title='bbox 922 1646 1187 1697; x_wconf 82' lang='lat' dir='ltr'>sentiamus,</span> <span class='ocrx_word' id='word_1_196' title='bbox 1215 1647 1330 1690; x_wconf 87' lang='lat' dir='ltr'>idern</span> <span class='ocrx_word' id='word_1_197' title='bbox 1356 1649 1558 1691; x_wconf 90' lang='lat' dir='ltr'>dicamus</span> <span class='ocrx_word' id='word_1_198' title='bbox 1588 1664 1759 1702; x_wconf 82' lang='lat' dir='ltr'>omneS‚</span> <span class='ocrx_word' id='word_1_199' title='bbox 1786 1658 1874 1694; x_wconf 87' lang='lat' dir='ltr'>etc.</span> 
     </span>
     <span class='ocr_line' id='line_1_20' title="bbox 243 1718 1878 1779; baseline 0.007 -20"><span class='ocrx_word' id='word_1_200' title='bbox 243 1718 396 1761; x_wconf 89' lang='lat' dir='ltr'>Tiensi</span> <span class='ocrx_word' id='word_1_201' title='bbox 421 1720 817 1764; x_wconf 81' lang='lat' dir='ltr'>medesimamente</span> <span class='ocrx_word' id='word_1_202' title='bbox 839 1721 867 1762; x_wconf 90' lang='lat' dir='ltr'>il</span> <span class='ocrx_word' id='word_1_203' title='bbox 891 1722 1043 1765; x_wconf 83' lang='lat' dir='ltr'>debito</span> <span class='ocrx_word' id='word_1_204' title='bbox 1073 1732 1208 1764; x_wconf 89' lang='lat' dir='ltr'>conto</span> <span class='ocrx_word' id='word_1_205' title='bbox 1247 1724 1368 1779; x_wconf 87' lang='lat' dir='ltr'>degli</span> <span class='ocrx_word' id='word_1_206' title='bbox 1399 1726 1616 1768; x_wconf 86' lang='lat' dir='ltr'>essercitii</span> <span class='ocrx_word' id='word_1_207' title='bbox 1640 1728 1878 1770; x_wconf 90' lang='lat' dir='ltr'>scholasti-</span> 
     </span>
     <span class='ocr_line' id='line_1_21' title="bbox 241 1796 1878 1858; baseline 0.008 -22"><span class='ocrx_word' id='word_1_208' title='bbox 241 1796 280 1836; x_wconf 76' lang='lat' dir='ltr'>ci</span> <span class='ocrx_word' id='word_1_209' title='bbox 301 1797 416 1839; x_wconf 83' lang='lat' dir='ltr'>nelle</span> <span class='ocrx_word' id='word_1_210' title='bbox 439 1798 624 1839; x_wconf 86' lang='lat' dir='ltr'>scientie</span> <span class='ocrx_word' id='word_1_211' title='bbox 643 1798 877 1852; x_wconf 87' lang='lat' dir='ltr'>superiori,</span> <span class='ocrx_word' id='word_1_212' title='bbox 904 1806 948 1842; x_wconf 90' lang='lat' dir='ltr'>et</span> <span class='ocrx_word' id='word_1_213' title='bbox 972 1799 1006 1841; x_wconf 90' lang='lat' dir='ltr'>si</span> <span class='ocrx_word' id='word_1_214' title='bbox 1032 1800 1056 1842; x_wconf 84' lang='lat' dir='ltr'>e</span> <span class='ocrx_word' id='word_1_215' title='bbox 1081 1807 1225 1843; x_wconf 77' lang='lat' dir='ltr'>atteso</span> <span class='ocrx_word' id='word_1_216' title='bbox 1258 1814 1343 1842; x_wconf 90' lang='lat' dir='ltr'>con</span> <span class='ocrx_word' id='word_1_217' title='bbox 1373 1802 1509 1843; x_wconf 81' lang='lat' dir='ltr'>molta</span> <span class='ocrx_word' id='word_1_218' title='bbox 1541 1802 1775 1858; x_wconf 86' lang='lat' dir='ltr'>uigilantia</span> <span class='ocrx_word' id='word_1_219' title='bbox 1794 1806 1878 1849; x_wconf 92' lang='lat' dir='ltr'>che</span> 
     </span>
     <span class='ocr_line' id='line_1_22' title="bbox 242 1873 1877 1935; baseline 0.007 -22"><span class='ocrx_word' id='word_1_220' title='bbox 242 1873 255 1913; x_wconf 94' lang='lat' dir='ltr'>i</span> <span class='ocrx_word' id='word_1_221' title='bbox 280 1873 459 1915; x_wconf 88' lang='lat' dir='ltr'>maestri</span> <span class='ocrx_word' id='word_1_222' title='bbox 505 1874 620 1916; x_wconf 90' lang='lat' dir='ltr'>delle</span> <span class='ocrx_word' id='word_1_223' title='bbox 650 1874 780 1916; x_wconf 86' lang='lat' dir='ltr'>classi</span> <span class='ocrx_word' id='word_1_224' title='bbox 811 1875 1009 1918; x_wconf 87' lang='lat' dir='ltr'>inferiori</span> <span class='ocrx_word' id='word_1_225' title='bbox 1045 1878 1427 1919; x_wconf 89' lang='lat' dir='ltr'>s&#39;accommodino</span> <span class='ocrx_word' id='word_1_226' title='bbox 1466 1879 1551 1921; x_wconf 90' lang='lat' dir='ltr'>alla</span> <span class='ocrx_word' id='word_1_227' title='bbox 1582 1880 1782 1935; x_wconf 72' lang='lat' dir='ltr'>capacita</span> <span class='ocrx_word' id='word_1_228' title='bbox 1807 1881 1877 1924; x_wconf 90' lang='lat' dir='ltr'>dei</span> 
     </span>
     <span class='ocr_line' id='line_1_23' title="bbox 241 1950 1878 2011; baseline 0.006 -20"><span class='ocrx_word' id='word_1_229' title='bbox 241 1950 483 2005; x_wconf 85' lang='lat' dir='ltr'>descepoli,</span> <span class='ocrx_word' id='word_1_230' title='bbox 506 1951 548 1992; x_wconf 91' lang='lat' dir='ltr'>in</span> <span class='ocrx_word' id='word_1_231' title='bbox 569 1951 699 2005; x_wconf 85' lang='lat' dir='ltr'>guisa</span> <span class='ocrx_word' id='word_1_232' title='bbox 718 1953 803 1994; x_wconf 87' lang='lat' dir='ltr'>che</span> <span class='ocrx_word' id='word_1_233' title='bbox 824 1953 943 2004; x_wconf 85' lang='lat' dir='ltr'>tutti,</span> <span class='ocrx_word' id='word_1_234' title='bbox 959 1961 1128 2007; x_wconf 84' lang='lat' dir='ltr'>quanto</span> <span class='ocrx_word' id='word_1_235' title='bbox 1147 1954 1217 1996; x_wconf 83' lang='lat' dir='ltr'>dal</span> <span class='ocrx_word' id='word_1_236' title='bbox 1237 1962 1369 1996; x_wconf 85' lang='lat' dir='ltr'>canto</span> <span class='ocrx_word' id='word_1_237' title='bbox 1389 1962 1542 1997; x_wconf 88' lang='lat' dir='ltr'>nostro</span> <span class='ocrx_word' id='word_1_238' title='bbox 1561 1956 1594 1997; x_wconf 87' lang='lat' dir='ltr'>si</span> <span class='ocrx_word' id='word_1_239' title='bbox 1618 1957 1720 2011; x_wconf 86' lang='lat' dir='ltr'>puo,</span> <span class='ocrx_word' id='word_1_240' title='bbox 1743 1958 1878 2000; x_wconf 86' lang='lat' dir='ltr'>s’aiu-</span> 
     </span>
     <span class='ocr_line' id='line_1_24' title="bbox 248 2026 511 2068; baseline 0.004 -1"><span class='ocrx_word' id='word_1_241' title='bbox 248 2026 338 2067; x_wconf 89' lang='lat' dir='ltr'>tino</span> <span class='ocrx_word' id='word_1_242' title='bbox 359 2029 511 2068; x_wconf 85' lang='lat' dir='ltr'>molto.</span> 
     </span>
    </p>

    <p class='ocr_par' dir='ltr' id='par_1_4' title="bbox 240 2103 1877 2854">
     <span class='ocr_line' id='line_1_25' title="bbox 331 2103 1876 2165; baseline 0.006 -21"><span class='ocrx_word' id='word_1_243' title='bbox 331 2115 403 2155; x_wconf 94' lang='grc'>44.</span> <span class='ocrx_word' id='word_1_244' title='bbox 471 2103 696 2146; x_wconf 80' lang='lat' dir='ltr'>Hauendo</span> <span class='ocrx_word' id='word_1_245' title='bbox 719 2103 925 2146; x_wconf 89' lang='lat' dir='ltr'>ordinato</span> <span class='ocrx_word' id='word_1_246' title='bbox 949 2120 1060 2160; x_wconf 84' lang='lat' dir='ltr'>papa</span> <span class='ocrx_word' id='word_1_247' title='bbox 1089 2106 1184 2157; x_wconf 84' lang='lat' dir='ltr'>Pio,</span> <span class='ocrx_word' id='word_1_248' title='bbox 1206 2107 1248 2148; x_wconf 89' lang='lat' dir='ltr'>di</span> <span class='ocrx_word' id='word_1_249' title='bbox 1275 2107 1401 2150; x_wconf 92' lang='lat' dir='ltr'>felice</span> <span class='ocrx_word' id='word_1_250' title='bbox 1427 2109 1656 2165; x_wconf 85' lang='lat' dir='ltr'>memoria,</span> <span class='ocrx_word' id='word_1_251' title='bbox 1678 2110 1713 2152; x_wconf 92' lang='lat' dir='ltr'>si</span> <span class='ocrx_word' id='word_1_252' title='bbox 1733 2111 1876 2165; x_wconf 87' lang='lat' dir='ltr'>leges-</span> 
     </span>
     <span class='ocr_line' id='line_1_26' title="bbox 242 2180 1875 2239; baseline 0.006 -19"><span class='ocrx_word' id='word_1_253' title='bbox 242 2194 289 2221; x_wconf 89' lang='lat' dir='ltr'>se</span> <span class='ocrx_word' id='word_1_254' title='bbox 322 2180 362 2221; x_wconf 90' lang='lat' dir='ltr'>la</span> <span class='ocrx_word' id='word_1_255' title='bbox 395 2180 550 2235; x_wconf 88' lang='lat' dir='ltr'>lingua</span> <span class='ocrx_word' id='word_1_256' title='bbox 581 2180 757 2223; x_wconf 87' lang='lat' dir='ltr'>arabica</span> <span class='ocrx_word' id='word_1_257' title='bbox 788 2183 858 2224; x_wconf 90' lang='lat' dir='ltr'>nel</span> <span class='ocrx_word' id='word_1_258' title='bbox 883 2190 1035 2223; x_wconf 86' lang='lat' dir='ltr'>nostro</span> <span class='ocrx_word' id='word_1_259' title='bbox 1064 2184 1272 2239; x_wconf 89' lang='lat' dir='ltr'>collegio,</span> <span class='ocrx_word' id='word_1_260' title='bbox 1302 2185 1396 2228; x_wconf 81' lang='lat' dir='ltr'>fece</span> <span class='ocrx_word' id='word_1_261' title='bbox 1420 2187 1565 2228; x_wconf 86' lang='lat' dir='ltr'>anche</span> <span class='ocrx_word' id='word_1_262' title='bbox 1598 2188 1800 2230; x_wconf 87' lang='lat' dir='ltr'>tradurre</span> <span class='ocrx_word' id='word_1_263' title='bbox 1831 2187 1875 2230; x_wconf 94' lang='lat' dir='ltr'>in</span> 
     </span>
     <span class='ocr_line' id='line_1_27' title="bbox 242 2257 1877 2318; baseline 0.006 -21"><span class='ocrx_word' id='word_1_264' title='bbox 242 2257 365 2300; x_wconf 86' lang='lat' dir='ltr'>detta</span> <span class='ocrx_word' id='word_1_265' title='bbox 389 2257 543 2311; x_wconf 80' lang='lat' dir='ltr'>lingua</span> <span class='ocrx_word' id='word_1_266' title='bbox 575 2258 601 2298; x_wconf 91' lang='lat' dir='ltr'>il</span> <span class='ocrx_word' id='word_1_267' title='bbox 626 2258 816 2300; x_wconf 91' lang='lat' dir='ltr'>concilio</span> <span class='ocrx_word' id='word_1_268' title='bbox 847 2259 1092 2302; x_wconf 90' lang='lat' dir='ltr'>tridentino</span> <span class='ocrx_word' id='word_1_269' title='bbox 1116 2275 1199 2302; x_wconf 91' lang='lat' dir='ltr'>con</span> <span class='ocrx_word' id='word_1_270' title='bbox 1232 2262 1342 2304; x_wconf 82' lang='lat' dir='ltr'>altre</span> <span class='ocrx_word' id='word_1_271' title='bbox 1367 2275 1470 2304; x_wconf 86' lang='lat' dir='ltr'>cose</span> <span class='ocrx_word' id='word_1_272' title='bbox 1504 2262 1599 2304; x_wconf 90' lang='lat' dir='ltr'>utili</span> <span class='ocrx_word' id='word_1_273' title='bbox 1631 2278 1707 2318; x_wconf 89' lang='lat' dir='ltr'>per</span> <span class='ocrx_word' id='word_1_274' title='bbox 1731 2265 1877 2317; x_wconf 86' lang='lat' dir='ltr'>quelle</span> 
     </span>
     <span class='ocr_line' id='line_1_28' title="bbox 244 2333 1876 2393; baseline 0.007 -21"><span class='ocrx_word' id='word_1_275' title='bbox 244 2333 410 2375; x_wconf 83' lang='lat' dir='ltr'>nationi</span> <span class='ocrx_word' id='word_1_276' title='bbox 435 2333 654 2385; x_wconf 89' lang='lat' dir='ltr'>orientali;</span> <span class='ocrx_word' id='word_1_277' title='bbox 682 2343 725 2377; x_wconf 87' lang='lat' dir='ltr'>et</span> <span class='ocrx_word' id='word_1_278' title='bbox 748 2336 915 2389; x_wconf 81' lang='lat' dir='ltr'>perche</span> <span class='ocrx_word' id='word_1_279' title='bbox 940 2337 979 2378; x_wconf 86' lang='lat' dir='ltr'>la</span> <span class='ocrx_word' id='word_1_280' title='bbox 1003 2350 1107 2378; x_wconf 89' lang='lat' dir='ltr'>cosa</span> <span class='ocrx_word' id='word_1_281' title='bbox 1131 2337 1166 2378; x_wconf 91' lang='lat' dir='ltr'>si</span> <span class='ocrx_word' id='word_1_282' title='bbox 1192 2337 1427 2381; x_wconf 85' lang='lat' dir='ltr'>stendesse</span> <span class='ocrx_word' id='word_1_283' title='bbox 1452 2338 1546 2393; x_wconf 74' lang='lat' dir='ltr'>piu,</span> <span class='ocrx_word' id='word_1_284' title='bbox 1575 2338 1696 2381; x_wconf 77' lang='lat' dir='ltr'>aiuto</span> <span class='ocrx_word' id='word_1_285' title='bbox 1718 2354 1743 2382; x_wconf 91' lang='lat' dir='ltr'>a</span> <span class='ocrx_word' id='word_1_286' title='bbox 1767 2347 1876 2383; x_wconf 91' lang='lat' dir='ltr'>met-</span> 
     </span>
     <span class='ocr_line' id='line_1_29' title="bbox 245 2410 1872 2471; baseline 0.007 -22"><span class='ocrx_word' id='word_1_287' title='bbox 245 2421 309 2451; x_wconf 78' lang='lat' dir='ltr'>ter</span> <span class='ocrx_word' id='word_1_288' title='bbox 343 2410 385 2450; x_wconf 91' lang='lat' dir='ltr'>in</span> <span class='ocrx_word' id='word_1_289' title='bbox 421 2410 577 2453; x_wconf 89' lang='lat' dir='ltr'>ordine</span> <span class='ocrx_word' id='word_1_290' title='bbox 613 2425 701 2452; x_wconf 80' lang='lat' dir='ltr'>una</span> <span class='ocrx_word' id='word_1_291' title='bbox 736 2419 909 2467; x_wconf 86' lang='lat' dir='ltr'>stampa</span> <span class='ocrx_word' id='word_1_292' title='bbox 943 2412 1136 2462; x_wconf 81' lang='lat' dir='ltr'>arabica,</span> <span class='ocrx_word' id='word_1_293' title='bbox 1175 2414 1292 2457; x_wconf 90' lang='lat' dir='ltr'>onde</span> <span class='ocrx_word' id='word_1_294' title='bbox 1325 2415 1438 2456; x_wconf 90' lang='lat' dir='ltr'>oltre</span> <span class='ocrx_word' id='word_1_295' title='bbox 1473 2415 1513 2458; x_wconf 89' lang='lat' dir='ltr'>le</span> <span class='ocrx_word' id='word_1_296' title='bbox 1546 2415 1724 2460; x_wconf 81' lang='lat' dir='ltr'>sudette</span> <span class='ocrx_word' id='word_1_297' title='bbox 1752 2430 1872 2471; x_wconf 89' lang='lat' dir='ltr'>cose,</span> 
     </span>
     <span class='ocr_line' id='line_1_30' title="bbox 240 2486 1875 2544; baseline 0.006 -18"><span class='ocrx_word' id='word_1_298' title='bbox 240 2486 526 2540; x_wconf 82' lang='lat' dir='ltr'>stamparassi</span> <span class='ocrx_word' id='word_1_299' title='bbox 557 2502 723 2530; x_wconf 85' lang='lat' dir='ltr'>ancora</span> <span class='ocrx_word' id='word_1_300' title='bbox 754 2503 841 2530; x_wconf 89' lang='lat' dir='ltr'>una</span> <span class='ocrx_word' id='word_1_301' title='bbox 871 2490 1166 2544; x_wconf 86' lang='lat' dir='ltr'>grammatica</span> <span class='ocrx_word' id='word_1_302' title='bbox 1189 2498 1233 2532; x_wconf 90' lang='lat' dir='ltr'>et</span> <span class='ocrx_word' id='word_1_303' title='bbox 1265 2505 1324 2532; x_wconf 89' lang='lat' dir='ltr'>un</span> <span class='ocrx_word' id='word_1_304' title='bbox 1350 2490 1609 2533; x_wconf 85' lang='lat' dir='ltr'>dittionario</span> <span class='ocrx_word' id='word_1_305' title='bbox 1641 2493 1712 2534; x_wconf 88' lang='lat' dir='ltr'>col</span> <span class='ocrx_word' id='word_1_306' title='bbox 1744 2500 1875 2535; x_wconf 87' lang='lat' dir='ltr'>testa·</span> 
     </span>
     <span class='ocr_line' id='line_1_31' title="bbox 243 2565 1875 2621; baseline 0.006 -19"><span class='ocrx_word' id='word_1_307' title='bbox 243 2570 394 2606; x_wconf 90' lang='lat' dir='ltr'>mento</span> <span class='ocrx_word' id='word_1_308' title='bbox 418 2577 583 2616; x_wconf 89' lang='lat' dir='ltr'>nuouo,</span> <span class='ocrx_word' id='word_1_309' title='bbox 614 2565 824 2608; x_wconf 78' lang='lat' dir='ltr'>accioche</span> <span class='ocrx_word' id='word_1_310' title='bbox 848 2574 1007 2620; x_wconf 87' lang='lat' dir='ltr'>questa</span> <span class='ocrx_word' id='word_1_311' title='bbox 1045 2566 1200 2621; x_wconf 86' lang='lat' dir='ltr'>lingua</span> <span class='ocrx_word' id='word_1_312' title='bbox 1233 2566 1270 2608; x_wconf 91' lang='lat' dir='ltr'>si</span> <span class='ocrx_word' id='word_1_313' title='bbox 1303 2567 1442 2609; x_wconf 86' lang='lat' dir='ltr'>faccia</span> <span class='ocrx_word' id='word_1_314' title='bbox 1467 2569 1543 2621; x_wconf 75' lang='lat' dir='ltr'>piu</span> <span class='ocrx_word' id='word_1_315' title='bbox 1576 2568 1806 2620; x_wconf 87' lang='lat' dir='ltr'>familiare,</span> <span class='ocrx_word' id='word_1_316' title='bbox 1832 2578 1875 2612; x_wconf 86' lang='lat' dir='ltr'>et</span> 
     </span>
     <span class='ocr_line' id='line_1_32' title="bbox 242 2638 1876 2697; baseline 0.006 -18"><span class='ocrx_word' id='word_1_317' title='bbox 242 2638 276 2679; x_wconf 86' lang='lat' dir='ltr'>si</span> <span class='ocrx_word' id='word_1_318' title='bbox 306 2654 438 2693; x_wconf 82' lang='lat' dir='ltr'>possa</span> <span class='ocrx_word' id='word_1_319' title='bbox 472 2640 547 2695; x_wconf 81' lang='lat' dir='ltr'>piu</span> <span class='ocrx_word' id='word_1_320' title='bbox 577 2641 830 2685; x_wconf 77' lang='lat' dir='ltr'>facilinente</span> <span class='ocrx_word' id='word_1_321' title='bbox 860 2643 1082 2697; x_wconf 88' lang='lat' dir='ltr'>imparare</span> <span class='ocrx_word' id='word_1_322' title='bbox 1117 2658 1140 2685; x_wconf 90' lang='lat' dir='ltr'>a</span> <span class='ocrx_word' id='word_1_323' title='bbox 1170 2643 1313 2696; x_wconf 85' lang='lat' dir='ltr'>gloria</span> <span class='ocrx_word' id='word_1_324' title='bbox 1336 2643 1512 2685; x_wconf 89' lang='lat' dir='ltr'>d&#39;lddio</span> <span class='ocrx_word' id='word_1_325' title='bbox 1537 2652 1580 2686; x_wconf 89' lang='lat' dir='ltr'>et</span> <span class='ocrx_word' id='word_1_326' title='bbox 1610 2644 1732 2687; x_wconf 88' lang='lat' dir='ltr'>aiuto</span> <span class='ocrx_word' id='word_1_327' title='bbox 1762 2646 1876 2688; x_wconf 87' lang='lat' dir='ltr'>delle</span> 
     </span>
     <span class='ocr_line' id='line_1_33' title="bbox 242 2714 1875 2773; baseline 0.007 -19"><span class='ocrx_word' id='word_1_328' title='bbox 242 2714 405 2757; x_wconf 85' lang='lat' dir='ltr'>anime.</span> <span class='ocrx_word' id='word_1_329' title='bbox 433 2717 487 2758; x_wconf 91' lang='lat' dir='ltr'>Di</span> <span class='ocrx_word' id='word_1_330' title='bbox 520 2724 635 2758; x_wconf 88' lang='lat' dir='ltr'>tutto</span> <span class='ocrx_word' id='word_1_331' title='bbox 658 2726 817 2771; x_wconf 87' lang='lat' dir='ltr'>questo</span> <span class='ocrx_word' id='word_1_332' title='bbox 846 2733 978 2761; x_wconf 88' lang='lat' dir='ltr'>serue</span> <span class='ocrx_word' id='word_1_333' title='bbox 1003 2734 1079 2773; x_wconf 89' lang='lat' dir='ltr'>per</span> <span class='ocrx_word' id='word_1_334' title='bbox 1102 2719 1371 2762; x_wconf 86' lang='lat' dir='ltr'>istrumento</span> <span class='ocrx_word' id='word_1_335' title='bbox 1407 2735 1493 2762; x_wconf 93' lang='lat' dir='ltr'>uno</span> <span class='ocrx_word' id='word_1_336' title='bbox 1522 2722 1590 2763; x_wconf 92' lang='lat' dir='ltr'>de&#39;</span> <span class='ocrx_word' id='word_1_337' title='bbox 1625 2724 1765 2764; x_wconf 89' lang='lat' dir='ltr'>nostri</span> <span class='ocrx_word' id='word_1_338' title='bbox 1790 2724 1875 2765; x_wconf 89' lang='lat' dir='ltr'>che</span> 
     </span>
     <span class='ocr_line' id='line_1_34' title="bbox 243 2792 1872 2854; baseline 0.006 -23"><span class='ocrx_word' id='word_1_339' title='bbox 243 2792 448 2844; x_wconf 83' lang='lat' dir='ltr'>possiede</span> <span class='ocrx_word' id='word_1_340' title='bbox 466 2793 580 2835; x_wconf 86' lang='lat' dir='ltr'>bene</span> <span class='ocrx_word' id='word_1_341' title='bbox 596 2803 752 2847; x_wconf 85' lang='lat' dir='ltr'>questa</span> <span class='ocrx_word' id='word_1_342' title='bbox 771 2794 925 2850; x_wconf 88' lang='lat' dir='ltr'>lingua</span> <span class='ocrx_word' id='word_1_343' title='bbox 940 2804 983 2838; x_wconf 89' lang='lat' dir='ltr'>et</span> <span class='ocrx_word' id='word_1_344' title='bbox 1001 2795 1043 2838; x_wconf 88' lang='lat' dir='ltr'>la</span> <span class='ocrx_word' id='word_1_345' title='bbox 1062 2796 1226 2839; x_wconf 85' lang='lat' dir='ltr'>hebrea</span> <span class='ocrx_word' id='word_1_346' title='bbox 1245 2795 1296 2850; x_wconf 80' lang='lat'>²⁶,</span> <span class='ocrx_word' id='word_1_347' title='bbox 1317 2797 1437 2840; x_wconf 90' lang='lat' dir='ltr'>onde</span> <span class='ocrx_word' id='word_1_348' title='bbox 1457 2798 1636 2851; x_wconf 86' lang='lat' dir='ltr'>quando</span> <span class='ocrx_word' id='word_1_349' title='bbox 1659 2813 1872 2854; x_wconf 87' lang='lat' dir='ltr'>uengono</span> 
     </span>
    </p>
   </div>
   <div class='ocr_carea' id='block_1_3' title="bbox 289 2906 527 2914">
    <p class='ocr_par' dir='ltr' id='par_1_5' title="bbox 289 2906 527 2914">
     <span class='ocr_line' id='line_1_35' title="bbox 289 2906 527 2914; baseline 0 362"><span class='ocrx_word' id='word_1_350' title='bbox 289 2906 527 2914; x_wconf 95' lang='lat' dir='ltr'> </span> 
     </span>
    </p>
   </div>
   <div class='ocr_carea' id='block_1_4' title="bbox 242 2972 1870 3078">
    <p class='ocr_par' dir='ltr' id='par_1_6' title="bbox 242 2972 1870 3078">
     <span class='ocr_line' id='line_1_36' title="bbox 315 2972 1870 3025; baseline 0.007 -20"><span class='ocrx_word' id='word_1_351' title='bbox 315 2972 344 2991; x_wconf 73' lang='lat'>²⁶</span> <span class='ocrx_word' id='word_1_352' title='bbox 395 2972 558 3008; x_wconf 82' lang='lat' dir='ltr'>Videtur</span> <span class='ocrx_word' id='word_1_353' title='bbox 575 2974 746 3009; x_wconf 87' lang='lat' dir='ltr'>alludere</span> <span class='ocrx_word' id='word_1_354' title='bbox 765 2976 827 3009; x_wconf 90' lang='lat' dir='ltr'>hic</span> <span class='ocrx_word' id='word_1_355' title='bbox 846 2982 884 3010; x_wconf 82' lang='lat' dir='ltr'>et</span> <span class='ocrx_word' id='word_1_356' title='bbox 906 2977 942 3010; x_wconf 91' lang='lat' dir='ltr'>in</span> <span class='ocrx_word' id='word_1_357' title='bbox 963 2977 1221 3022; x_wconf 81' lang='lat' dir='ltr'>sequentibus</span> <span class='ocrx_word' id='word_1_358' title='bbox 1249 2976 1298 3011; x_wconf 87' lang='lat' dir='ltr'>ad</span> <span class='ocrx_word' id='word_1_359' title='bbox 1317 2977 1360 3012; x_wconf 93' lang='lat' dir='ltr'>P.</span> <span class='ocrx_word' id='word_1_360' title='bbox 1381 2979 1520 3023; x_wconf 86' lang='lat' dir='ltr'>Joann.</span> <span class='ocrx_word' id='word_1_361' title='bbox 1542 2980 1651 3025; x_wconf 81' lang='lat' dir='ltr'>Bapt.</span> <span class='ocrx_word' id='word_1_362' title='bbox 1680 2980 1870 3025; x_wconf 86' lang='lat' dir='ltr'>Elianum,</span> 
     </span>
     <span class='ocr_line' id='line_1_37' title="bbox 242 3030 1036 3078; baseline 0.008 -15"><span class='ocrx_word' id='word_1_363' title='bbox 242 3030 290 3064; x_wconf 88' lang='lat' dir='ltr'>de</span> <span class='ocrx_word' id='word_1_364' title='bbox 309 3042 385 3076; x_wconf 87' lang='lat' dir='ltr'>quo</span> <span class='ocrx_word' id='word_1_365' title='bbox 403 3030 555 3075; x_wconf 82' lang='lat' dir='ltr'>egimus</span> <span class='ocrx_word' id='word_1_366' title='bbox 575 3032 612 3066; x_wconf 91' lang='lat' dir='ltr'>in</span> <span class='ocrx_word' id='word_1_367' title='bbox 628 3033 742 3077; x_wconf 87' lang='lat' dir='ltr'>epist.</span> <span class='ocrx_word' id='word_1_368' title='bbox 764 3042 823 3078; x_wconf 79' lang='lat'>72,</span> <span class='ocrx_word' id='word_1_369' title='bbox 846 3040 975 3069; x_wconf 86' lang='lat' dir='ltr'>annot.</span> <span class='ocrx_word' id='word_1_370' title='bbox 1001 3045 1036 3078; x_wconf 92' lang='grc'>4.</span> 
     </span>
    </p>
   </div>
  </div>
 </body>
</html>
