1971 3276
284 224 354 268 580
790 225 979 258 POLANCI
1006 229 1321 258 COMPLEMENTA

230 327 286 369 N.
315 326 362 369 S.
390 326 430 367 le
453 325 509 367 da
530 324 774 380 prudencia
799 339 825 379 y
850 322 1217 379 magnanimidad
1241 336 1297 365 en
1321 322 1386 364 135
1409 334 1538 363 60535
1561 320 1616 363 de
1640 326 1867 362 momento

230 417 319 456 que
341 418 389 446 se
414 410 572 454 tratan‚
599 415 754 456 mayor
771 401 828 442 de
850 402 891 444 13
910 415 996 455 que
1014 401 1081 442 los
1100 400 1312 441 hombres
1332 398 1550 453 pudieran
1573 397 1644 439 del
1667 411 1862 452 esperar.

232 480 372 535 Plega
396 494 419 521 a
443 480 484 521 la
506 479 660 521 diuina
683 479 858 520 bondad
882 479 937 520 de
961 476 1252 519 conseruarle
1275 476 1316 517 13
1341 474 1445 516 uida
1478 489 1506 529 y
1530 475 1568 516 13
1593 473 1738 529 gratia
1762 487 1868 529 para

230 571 318 611 que
342 558 506 598 mucho
531 557 570 598 le
592 556 718 598 sirua
743 570 798 598 en
830 555 978 610 ayuda
1009 554 1064 596 de
1093 568 1146 595 su
1176 561 1305 595 santa
1336 551 1526 607 yglesia.
1555 552 1622 594 De
1649 551 1788 592 Roma
1814 562 1869 604 30

230 634 285 676 de
311 633 438 675 Abril
469 634 595 686 1566.

321 712 386 752 De
411 710 463 752 V.
495 712 546 754 R.
572 710 721 752 sieruo
745 723 801 751 en
826 710 928 763 X.⁰,

1063 785 1093 841 ἦ·
1117 785 1239 840 ]οᾸΝ
1265 797 1326 827 DE
1353 784 1596 826 POLANCO.
1632 782 1661 837 †

1002 907 1085 956 122

575 1012 900 1048 CARDINALIS
930 1010 1246 1046 VARMlENSIS
1279 1008 1527 1046 POLANCO

736 1103 1007 1130 HEthBERGA
1036 1095 1056 1127 8
1083 1102 1190 1136 JUNu
1223 1093 1311 1137 1566
1338 1093 1362 1127 ¹.

228 1184 260 1214 I.
284 1179 391 1213 Novo
408 1178 588 1223 pontifici
606 1179 705 1212 bona
725 1181 864 1212 cuncta
886 1178 1232 1222 (asprenatum—2.
1255 1175 1468 1209 *Maiarum
1489 1175 1758 1220 suspicionum
1779 1184 1871 1207 cau-

298 1250 341 1272 sa
360 1238 531 1277 sublata,
553 1238 652 1271 bona
670 1240 753 1282 slves
779 1235 959 1282 affulget
987 1236 1226 1280 religionem
1247 1235 1288 1268 in
1318 1234 1458 1268 melius
1477 1233 1544 1267 sub
1570 1244 1669 1267 novo
1683 1233 1871 1278 pontifice

298 1297 604 1343 provehendam.
640 1296 780 1330 Trium
806 1295 999 1329 nobilium
1028 1295 1209 1328 virorum
1245 1294 1297 1328 ad
1322 1293 1558 1328 catholicam
1578 1293 1703 1337 fidem
1731 1302 1870 1327 rever-

299 1358 457 1399 sim—3.
482 1355 772 1390 Commendoni
794 1355 835 1388 in
856 1355 1031 1400 legatum
1052 1354 1188 1388 electio
1214 1353 1515 1395 laudatur.—4.
1539 1351 1685 1386 Nuntii
1704 1351 1870 1396 quidam

298 1417 344 1450 de
365 1416 475 1450 rebus
498 1414 659 1449 Galliae
681 1412 1095 1459 perferuntur,—5-6.
1116 1412 1311 1446 Rumores
1325 1412 1371 1445 de
1385 1422 1477 1456 rege
1497 1414 1533 1446 et
1553 1411 1697 1456 regina
1718 1411 1870 1445 Scotiae

299 1476 341 1510 in
361 1486 561 1510 carcerem
581 1473 779 1518 conjectis.

324 1571 360 1601 1.
396 1594 401 1599 .
428 1558 539 1601 Rde.
570 1560 718 1600 Pater.
746 1557 874 1611 Quas
899 1556 1070 1598 litteras
1095 1555 1151 1596 ad
1177 1568 1246 1596 me
1271 1554 1394 1596 dedit
1419 1561 1517 1609 post
1536 1553 1697 1596 summi
1723 1553 1869 1608 ponti-

230 1635 327 1677 ficis
350 1635 622 1678 creationem
648 1633 679 1684 ²,
708 1647 820 1674 unas
841 1639 888 1675 et
917 1633 1081 1674 alteras
1112 1646 1187 1673 eas
1213 1630 1447 1686 accepisse
1477 1643 1563 1683 me,
1591 1629 1675 1672 iam
1701 1630 1803 1671 unis
1825 1637 1870 1672 et

229 1713 382 1755 alteris
405 1712 499 1767 ipse
523 1725 705 1766 quoque
730 1709 959 1764 respondi.
992 1708 1246 1751 Confirmet
1275 1709 1361 1749 hoc
1388 1708 1538 1758 Deus,
1566 1707 1686 1762 quod
1715 1721 1868 1762 opera-

178 1771 185 1779 ·
230 1797 302 1831 tus
324 1797 408 1843 est,
434 1798 477 1831 et
500 1797 739 1832 conseruet
763 1802 814 1830 36
839 1787 1041 1830 uiuificet
1066 1785 1327 1841 pontificem
1353 1786 1475 1826 hunc
1501 1792 1722 1826 nostrum.

321 1877 360 1909 2.
428 1866 564 1920 Quod
588 1874 764 1919 monet,
789 1864 825 1906 si
860 1864 966 1919 quid
991 1862 1096 1905 mihi
1121 1861 1296 1904 uenerit
1321 1861 1364 1902 in
1389 1868 1586 1904 mentem
1611 1861 1731 1915 quod
1756 1875 1867 1915 pon-

233 1943 339 1984 tifici
364 1943 551 1997 suggeri
577 1942 715 1997 possit
746 1942 802 1984 ad
833 1940 935 1983 fidei
968 1947 1012 1982 et
1042 1939 1220 1994 pietatis
1250 1937 1489 1992 negocium
1521 1937 1785 1987 iuuandum,
1819 1946 1867 1979 ut

228 2019 273 2061 id
301 2019 497 2062 scribere
529 2033 615 2060 non
647 2032 827 2074 grauer,
860 2018 895 2059 si
924 2018 1072 2060 fecero
1095 2016 1215 2070 quod
1241 2022 1406 2067 monet,
1431 2021 1621 2057 noctuas
1640 2015 1864 2064 Athenas,

230 2098 350 2151 quod
382 2096 523 2147 aiunt,
551 2096 771 2138 missurus
802 2096 975 2138 uideor.
1009 2095 1100 2138 Sed
1131 2107 1187 2135 ne
1221 2100 1370 2135 tamen
1401 2091 1631 2134 existimer
1661 2092 1865 2133 uolunta-

230 2174 261 2214 ti
289 2175 338 2216 P.
367 2174 422 2217 V.
449 2173 708 2215 satisfacere
739 2172 952 2221 noluisse,
985 2170 1140 2226 paucis
1170 2171 1254 2212 hoc
1284 2169 1417 2211 modo
1451 2167 1738 2210 scribendum
1769 2182 1867 2212 esse

229 2250 352 2292 duxi.
390 2249 526 2304 Quod
561 2263 698 2291 63053
732 2248 962 2304 religionis
1000 2247 1044 2289 in
1082 2247 1306 2302 plerisque
1345 2246 1454 2288 locis
1484 2260 1571 2288 non
1597 2253 1665 2288 est
1693 2260 1746 2288 eo
1769 2246 1868 2287 1060

229 2341 320 2381 quo
344 2327 580 2377 uellemus,
606 2325 710 2368 inde
734 2325 840 2367 mihi
868 2325 1038 2367 factum
1070 2323 1236 2374 uideri,
1270 2323 1391 2378 quod
1417 2322 1498 2364 fuit
1530 2336 1695 2377 magna
1723 2322 1867 2377 suspi-

228 2403 313 2454 cio,
339 2418 453 2458 quae
485 2417 572 2444 non
603 2403 748 2457 potuit
777 2416 832 2444 ex
856 2402 1101 2444 multorum
1131 2400 1292 2444 animis
1322 2400 1479 2451 euelli,
1507 2401 1563 2443 de
1593 2399 1865 2454 propinquo-

230 2495 327 2522 rum
351 2480 602 2522 commodis
625 2479 865 2534 augendis,
893 2493 1029 2534 quarn
1053 2479 1108 2520 de
1133 2477 1353 2533 religione
1372 2477 1540 2519 tuenda
1561 2477 1771 2518 maiorem
1791 2489 1868 2517 cu—

229 2572 320 2600 ram
345 2565 602 2612 susceptam
634 2556 787 2599 fuisse.
822 2557 973 2611 Quam
1004 2569 1093 2610 ego
1126 2554 1428 2609 suspicionem
1462 2553 1617 2595 falsam
1646 2567 1745 2596 esse
1770 2567 1862 2607 per-

229 2648 410 2676 suasum
438 2634 600 2685 11306ος
627 2634 705 2675 sed
737 2634 897 2675 mirum
928 2639 996 2674 est
1020 2646 1153 2686 quam
1190 2646 1243 2674 ea
1272 2630 1457 2672 firmiter
1481 2628 1676 2672 haeserit
1706 2630 1865 2671 multo-

230 2724 326 2751 rum
350 2710 525 2752 animis.
554 2711 703 2762 Nunc,
727 2723 780 2752 ea
802 2723 939 2751 63053
962 2716 1151 2759 remota,
1179 2706 1361 2761 quando
1385 2707 1431 2750 S.
1456 2707 1511 2749 D.
1536 2707 1612 2757 N.,
1640 2705 1762 2747 omni
1783 2706 1868 2761 pri-

230 2793 434 2828 uatarum
465 2801 614 2829 rerum
643 2801 751 2829 cura
787 2784 1060 2841 posthabita,
1100 2784 1155 2826 ad
1184 2784 1324 2826 solam
1354 2781 1592 2825 ecclesiam
1624 2781 1706 2823 Dei
1740 2788 1866 2823 tuen-

300 2912 310 2930 ¹
365 2912 419 2945 Ex
444 2913 655 2957 archetypo
674 2912 713 2946 in
731 2910 864 2946 codice
887 2910 1011 2956 Epist.
1033 2910 1208 2950 cardin„
1233 2917 1253 2942 2
1273 2908 1331 2950 ff„
1353 2919 1387 2942 n.
1415 2906 1492 2952 139,
1515 2905 1619 2952 prius
1639 2914 1718 2950 225.

299 2970 312 2989 '²
363 2970 470 3013 Scit„
491 2971 613 3005 sancti
634 2970 690 3004 Pii
711 2970 757 3007 V,
779 2969 838 3006 Cf.
860 2970 974 3015 epist.
997 2967 1288 3014 praecedentes,
1323 2972 1363 3001 et
1392 2967 1434 3002 S.
1465 2965 1611 3000 Franc.
1641 2965 1780 3010 Borg„
1800 2962 1865 3008 IV,

237 3030 301 3062 162
320 3033 358 3062 et
377 3039 459 3074 seq.
