1971 3276
522 236 661 270 EPIST.
688 236 840 279 72.—51
864 236 1109 270 DECEMBms
1133 237 1215 279 1561
1578 247 1644 280 295

66 334 260 376 efficiant
284 349 417 389 quam
446 335 539 376 suis
569 335 746 390 legibus
777 335 1032 386 iubeantur,
1067 336 1323 390 praesertim
1356 337 1399 377 in
1425 351 1508 378 usu
1539 351 1689 379 sacra-

68 419 338 453 mentorum.

159 499 225 542 19.
293 486 452 528 Dictae
483 495 588 528 sunt
619 488 752 530 etiarn
782 488 900 542 apud
930 487 1226 530 litteratorum
1256 495 1300 530 et
1329 488 1574 530 aulicorum
1604 490 1688 529 ho-

68 562 235 604 minurn
259 563 450 618 collegia
475 563 638 605 latinae
663 564 903 614 orationes,
937 578 1125 618 quarum
1151 578 1284 606 unam
1309 579 1444 619 prope
1462 572 1689 619 extempo-

64 640 197 680 ralem
236 639 390 680 habuit
429 653 546 681 unus
579 654 636 682 ex
671 640 835 682 nostris
869 640 1229 683 adolescentibus
1262 656 1403 683 annos
1435 641 1689 695 quindecim

63 723 207 766 natus,
232 730 321 756 non
346 715 441 757 sine
464 716 742 758 audientium
767 716 1059 759 admiratione
1088 725 1132 759 et
1155 717 1472 771 gratulatione3
1504 718 1688 760 alteram

62 792 171 833 alter
194 799 391 846 paratam
417 799 460 835 et
483 793 754 834 elaboratam
778 792 903 842 dixit,
930 807 1045 846 quae
1073 793 1178 834 item
1211 794 1343 837 ualde
1371 793 1454 836 fuit
1485 795 1685 848 probata.

61 867 270 910 Carmina
292 875 336 909 et
359 870 583 911 orationes
606 869 732 910 multi
756 884 780 910 a
803 869 932 910 nobis
958 877 1130 924 petunt,
1154 884 1267 924 quae
1287 871 1462 924 publice
1481 870 1563 925 ipsi
1587 884 1687 924 pro-

61 943 284 994 nuntient,
313 944 383 985 uel
406 959 431 986 a
455 958 501 986 se
525 945 775 999 composita
799 946 854 987 ad
872 959 954 986 nos
973 945 1239 1000 corrigenda
1265 947 1490 989 deferunt.
1517 946 1619 998 Alii,
1641 955 1689 988 ut

61 1020 258 1074 parochi,
305 1021 576 1063 documenta
617 1021 878 1076 spiritualia,
921 1021 1015 1076 pias
1054 1022 1390 1064 adhortationes
1428 1022 1685 1076 exquirunt,

60 1096 222 1150 quibus
261 1096 305 1138 in
347 1096 440 1138 suis
481 1097 732 1151 paroechiis
770 1098 987 1152 populum
1028 1099 1235 1141 erudiant
1273 1106 1316 1141 et
1350 1099 1602 1149 instituant;
1640 1108 1687 1139 ut

60 1171 262 1214 omittam
298 1172 468 1214 litteras
501 1173 685 1225 italicas,
723 1188 838 1228 quae
872 1189 896 1216 a
930 1176 1231 1229 praelatorum
1265 1174 1529 1227 secretariis,
1560 1175 1688 1216 nobis

58 1248 194 1290 latine
219 1250 463 1291 uertendae
488 1251 740 1292 traduntur.

149 1337 218 1367 20,
285 1327 472 1368 Ineunte
497 1327 684 1369 Octobri
708 1327 904 1370 indictae
926 1336 1031 1370 sunt
1056 1342 1234 1370 annuae
1260 1328 1509 1369 studiorum
1534 1327 1684 1379 feriae,

58 1401 103 1442 in
126 1402 289 1455 quibus
316 1404 470 1446 Patres
491 1417 543 1446 ac
568 1405 727 1447 fratres
752 1405 886 1446 huius
910 1405 1091 1459 collegii
1117 1412 1269 1459 optata
1292 1403 1559 1446 christianae
1582 1406 1686 1446 cha—

59 1478 201 1519 ritatis
224 1493 409 1521 munera
432 1487 476 1522 et
507 1480 742 1535 religiosae
772 1481 1089 1523 submissionis
1118 1481 1265 1523 officia
1296 1488 1498 1535 repetere
1528 1494 1686 1534 coepe-

59 1562 178 1595 runt.
208 1554 297 1596 Alii
320 1555 438 1597 enim
463 1555 507 1597 in
532 1557 828 1599 xenodochiis
851 1557 1046 1612 aegrotis
1068 1557 1386 1607 inseruierunt,
1412 1571 1463 1599 ea
1482 1556 1682 1598 alacrita-

59 1637 103 1671 te
126 1643 177 1672 ac
201 1630 447 1685 diligentia,
472 1639 520 1674 ut
545 1632 587 1673 in
612 1632 681 1674 sui
712 1633 1052 1676 admirationem
1082 1641 1126 1676 et
1155 1633 1515 1675 beneuolentiam
1545 1633 1680 1674 addu-

56 1714 228 1757 cerent,
256 1721 344 1748 non
368 1709 512 1750 solum
537 1709 920 1751 xenodochiorum
947 1710 1215 1764 praefectos,
1249 1709 1367 1750 uiros
1396 1709 1561 1763 alioqui
1588 1709 1678 1764 pri—

60 1782 237 1835 marios,
263 1784 341 1826 sed
365 1784 590 1827 ministros
619 1785 770 1839 etiam>
799 1786 998 1839 aliosque
1030 1786 1274 1840 permult0s
1302 1800 1327 1826 a
1350 1785 1513 1840 quibus
1535 1785 1680 1827 sordi-

53 1859 235 1901 dissima
257 1867 302 1901 et
323 1860 622 1902 abiectissima
647 1861 891 1904 ministeria
915 1869 1004 1904 tam
1028 1861 1216 1904 libenter
1241 1870 1284 1903 et
1306 1861 1504 1904 hilariter
1526 1875 1683 1916 aegro-

56 1935 111 1977 tis
134 1937 346 1990 praebere
369 1937 774 1992 conspiciebantur.
804 1938 1000 1980 Auditae
1023 1947 1127 1980 sunt
1151 1937 1471 1991 confessiones,
1495 1946 1589 1991 tum
1612 1953 1682 1981 ae-

56 2021 287 2066 grotorum
306 2028 394 2055 non
418 2014 514 2055 sine
536 2014 710 2069 ingenti
733 2014 930 2069 ipsorum
956 2014 1113 2056 solatio
1137 2022 1180 2056 et
1204 2015 1503 2058 oblectatione
1526 2015 1570 2055 in
1595 2016 1682 2056 Do—

57 2088 189 2140 mino,
216 2097 309 2130 turn
333 2089 583 2143 aliquorum
606 2089 739 2133 etiam
772 2090 1090 2133 ministrorum.
1119 2091 1219 2132 Non
1245 2091 1392 2132 minor
1414 2098 1508 2133 erat
1532 2091 1678 2132 homi-

23 2184 25 2187 <
56 2178 162 2206 num
185 2165 417 2207 admiratio
439 2174 483 2208 et
500 2166 761 2221 approbatio
784 2181 885 2208 curn
906 2174 1081 2208 nostros
1104 2167 1402 2218 intuerentur,
1424 2180 1544 2208 nunc
1567 2181 1679 2208 mor-

59 2241 222 2283 bundis
242 2256 383 2295 usque
405 2243 460 2284 ad
478 2250 732 2285 extremum
755 2243 959 2297 spiritum
984 2243 1191 2285 assistere
1208 2249 1252 2284 et
1269 2242 1438 2283 diutius
1455 2242 1580 2284 flexis
1603 2257 1681 2297 ge-

56 2317 189 2359 nibus
219 2318 393 2360 litanias
422 2319 618 2373 aliasque
648 2319 926 2374 precationes
951 2312 1153 2370 recitare,
1194 2333 1314 2360 nunc
1353 2327 1568 2373 mortuos,
1606 2320 1680 2374 qui

58 2394 263 2447 quaterni
294 2404 338 2435 et
376 2394 500 2448 quini
539 2395 758 2449 quottidie
797 2397 1165 2446 numerabantur,
1202 2396 1362 2437 efferre
1395 2408 1446 2437 ac
1476 2395 1679 2450 sepelire,

59 2483 177 2511 nunc
207 2471 544 2513 xenodochium
575 2479 717 2513 totum
751 2472 819 2514 bis
847 2471 1066 2526 quottidie
1096 2485 1289 2521 uerrere,
1322 2485 1444 2513 nunc
1481 2471 1681 2514 omnium

56 2554 342 2600 aegrotorum
372 2547 510 2589 lectos
543 2554 755 2599 sternere,
796 2547 1100 2589 scabiosorum
1130 2548 1266 2601 pedes
1293 2547 1459 2602 lauare,
1501 2549 1682 2604 scaphia

60 2623 336 2676 matulasque
355 2637 593 2677 apponere,
616 2623 743 2666 cibos
769 2624 1011 2678 porrigere.
1035 2625 1155 2665 Dum
1174 2622 1218 2664 in
1236 2623 1305 2666 his
1328 2624 1582 2667 ministeriis
1605 2625 1678 2667 ali—

57 2698 131 2750 qui
151 2707 453 2750 uersarentur,
475 2699 547 2741 alii
566 2700 813 2742 doctrinam
832 2700 1121 2741 christianam
1139 2700 1437 2755 explicabant,
1459 2703 1530 2744 uel
1549 2702 1681 2744 iidem

59 2772 119 2814 illi
142 2774 225 2816 alia
249 2776 373 2825 hora,
398 2789 501 2817 cum
527 2784 721 2828 uacaret,
750 2778 836 2817 hoc
859 2776 991 2817 etiarn
1015 2790 1180 2818 munus
1209 2776 1407 2819 obibant.
1435 2778 1470 2819 F
1473 2777 1685 2820 amiliari-

60 2848 144 2893 bus
171 2851 403 2905 colloquiis
433 2859 522 2893 tarn
562 2861 771 2907 aegrotos
808 2852 962 2894 iuuare
998 2852 1238 2894 studebant
1271 2866 1404 2906 quarn
1438 2853 1680 2908 ministros,

60 2937 171 2978 quos
188 2934 232 2968 et
250 2926 364 2970 inter
387 2942 434 2969 se
457 2927 724 2970 dissidentes
747 2928 1006 2982 mutuisque
1024 2927 1196 2970 iniuriis
1215 2928 1410 2971 irritatos
1433 2930 1680 2984 placarunt,

60 3007 104 3042 et
126 3001 209 3043 sibi
230 3017 385 3057 parum
409 3004 653 3046 beneuolos
682 3011 726 3047 et
749 3003 979 3058 aliquanto
1010 3003 1165 3045 durius
1188 3006 1511 3060 respondentes
1535 3005 1684 3048 conci-
