1971 3276
297 257 364 291 628
795 255 1329 292 POLANC1COMPLEMENTA

250 359 434 401 omnino
459 367 630 400 mutare
654 357 697 398 in
724 364 950 411 posterum
975 357 1293 400 decreuerunt.
1322 359 1395 400 Ad
1419 359 1530 401 haec
1553 359 1677 401 iussu
1703 359 1882 414 pontifi-

251 436 314 478 cis
338 434 652 478 meretricibus
675 449 729 477 ex
755 433 890 476 Vrbis
908 433 1163 488 frequentia
1187 433 1231 475 in
1257 435 1474 490 angulum
1503 435 1787 478 remotiorem
1811 450 1882 478 co-

250 511 376 562 actis,
412 512 681 565 duobusque
712 510 1025 552 tantummodo
1052 509 1229 566 templis
1268 510 1531 552 nominatim
1565 512 1621 554 ad
1644 512 1886 556 conciones

250 589 495 632 audiendas
518 588 557 629 ei
581 587 819 630 mulierum
840 587 998 642 generi
1023 587 1320 641 praestitutis,
1337 602 1362 630 a
1380 601 1556 630 summo
1574 589 1786 644 pontifice
1808 604 1883 631 no·

250 666 353 708 stris
377 680 428 708 ea
460 678 638 719 quoque
668 678 775 706 cura
810 664 1018 706 mandata
1042 671 1125 715 est,
1153 664 1354 719 certique
1384 672 1489 707 sunt
1518 666 1574 707 ad
1604 680 1680 709 eas
1708 666 1886 721 publice

250 743 476 785 docendas
511 755 534 782 e
570 741 798 785 Societate
835 740 1018 784 delecti.
1059 741 1184 796 Ipsae
1220 748 1370 785 autem
1408 741 1557 784 edicto
1592 743 1886 785 concionibus

250 819 407 862 adesse
433 826 632 872 coactae,
660 832 750 859 non
776 830 950 872 paucae
975 831 1031 860 ex
1053 816 1118 859 eis
1146 818 1202 859 ad
1224 818 1452 861 meliorem
1476 826 1671 862 mentem
1696 832 1882 861 reuoca-

253 903 322 938 tae
346 902 466 937 sunt.

338 985 407 1028 39.
478 971 805 1014 Restitutiones
829 985 1009 1026 quoque
1039 978 1144 1013 sunt
1176 972 1318 1014 factae
1353 986 1440 1013 non
1466 973 1605 1015 leues.
1642 973 1687 1014 ln
1721 972 1774 1014 iis
1799 987 1887 1014 una

251 1050 395 1092 famae
419 1050 490 1092 uel
514 1048 722 1100 maxima,
750 1063 866 1102 quae
888 1048 1193 1091 damnandum
1214 1048 1372 1103 capitis
1395 1049 1621 1092 hominem
1647 1063 1887 1105 peroppor-

250 1134 357 1168 tune
382 1141 406 1168 a
430 1125 629 1181 periculo
652 1125 876 1168 liberauit.

336 1215 408 1255 4ο.
475 1202 671 1256 Quidam
697 1201 855 1256 capitis
878 1202 1094 1257 damnati,
1117 1201 1356 1257 animoque
1381 1203 1492 1246 adeo
1510 1203 1625 1245 male
1647 1203 1812 1254 affecti,
1838 1212 1887 1244 ut

249 1294 273 1321 a
296 1293 421 1321 sacra
444 1278 726 1320 confessione
746 1292 926 1332 prorsus
948 1279 1263 1330 abhorrerent,
1285 1278 1615 1322 hortationibus
1635 1279 1695 1321 ita
1714 1293 1888 1334 permo-

252 1355 783 1407 tisunt,ut1umi1nodo
815 1355 1110 1398 sacnunenfis
1138 1355 1444 1410 poenstenuae
1477 1365 1521 1399 et
1562 1355 1884 1407 Euchaffisfiae‚

248 1433 326 1474 sed
349 1432 481 1474 etiam
509 1431 763 1473 uoluntaria
788 1431 1099 1474 uerberatione
1118 1431 1295 1486 publice
1318 1447 1416 1474 sese
1434 1432 1489 1475 ad
1510 1432 1795 1487 migrandum
1815 1446 1884 1474 ac-

248 1509 484 1561 cinxerint,
509 1516 551 1549 et
575 1508 630 1550 ad
653 1507 921 1563 supplicium
947 1507 1110 1550 hilares
1133 1509 1221 1550 sint
1245 1508 1448 1563 profecti.

336 1597 406 1638 41.
474 1587 640 1639 Magna
666 1584 992 1626 rusticanorum
1018 1585 1276 1640 multitudo,
1314 1592 1401 1628 tam
1440 1587 1562 1628 rudis
1591 1594 1726 1641 atque
1748 1586 1887 1640 impe-

249 1662 330 1704 rita
354 1677 485 1716 quam
510 1662 544 1703 si
570 1676 692 1703 nunc
717 1660 907 1716 primum
932 1661 1219 1717 euangelium
1240 1662 1430 1714 audiret,
1458 1662 1669 1717 mysteria
1686 1662 1887 1705 christia-

250 1754 331 1781 nae
356 1738 532 1794 pietatis
555 1739 714 1780 edocta
736 1745 819 1781 est.
860 1740 1008 1793 Pagos
1031 1738 1184 1790 etiarn,
1218 1738 1456 1794 praecipue
1479 1739 1599 1781 circa
1623 1740 1755 1782 finem
1781 1753 1887 1793 qua-

248 1815 551 1871 dragesimae,
578 1829 681 1857 cum
712 1815 931 1857 feriantur
963 1829 987 1856 a
1017 1815 1199 1867 studiis,
1229 1815 1493 1858 circumiere
1523 1816 1747 1858 nonnulli:
1779 1829 1887 1857 con—

247 1892 485 1942 cionando,
512 1891 751 1934 christiana
777 1891 980 1933 doctrina
1003 1893 1285 1946 exponenda,
1312 1892 1674 1935 confessionibus
1697 1892 1882 1935 audien-

248 1968 315 2010 dis
339 1970 572 2022 profecere
595 1982 683 2008 non
710 1982 881 2022 parum.
904 1967 1127 2010 Curiones
1150 1968 1284 2010 etiam
1309 1968 1496 2023 aliquot,
1523 1968 1619 2011 siue
1644 1970 1880 2024 parochos,

247 2044 520 2086 salutaribus
544 2043 726 2088 monitis
749 2058 799 2085 ac
831 2044 1080 2099 praeceptis
1112 2045 1167 2087 ad
1200 2044 1354 2099 gregis
1384 2045 1638 2087 custodiam
1663 2045 1884 2088 instruxe-

248 2136 309 2164 re.
339 2122 392 2162 Et
415 2135 517 2162 cum
541 2120 586 2162 in
610 2120 678 2162 his
702 2120 827 2173 locis,
856 2130 949 2161 tum
975 2121 1018 2161 in
1039 2120 1146 2175 ipsis
1170 2121 1387 2176 cauponis
1410 2135 1462 2163 ac
1485 2121 1743 2164 diuersoriis
1769 2122 1880 2163 mul-

249 2206 341 2240 nnn
367 2198 637 2251 quandoque
663 2196 911 2251 proficstur.

335 2286 409 2327 42.
476 2275 522 2316 In
548 2273 782 2315 moletrina
806 2274 1016 2327 quadam,
1044 2274 1144 2315 loco
1167 2274 1362 2327 deserto,
1388 2275 1541 2318 nescio
1565 2289 1695 2329 quem
1722 2275 1883 2329 pleuri-

249 2352 337 2393 tide
362 2350 619 2394 uehementi
643 2357 917 2404 correptum,
943 2350 1018 2404 qui
1046 2357 1162 2391 totos
1187 2351 1318 2393 XXV
1351 2365 1494 2392 annos
1531 2352 1603 2394 uel
1631 2352 1764 2393 XXX
1788 2351 1883 2393 sine

248 2435 528 2471 sacramento
554 2426 857 2481 poenitentiae
890 2427 1078 2477 uixerat,
1111 2435 1155 2470 et
1189 2427 1519 2469 Eucharistiam
1554 2427 1737 2469 omnino
1769 2442 1880 2469 nun·

251 2520 382 2559 quam
418 2504 643 2559 attigerat,
674 2503 947 2546 christianae
985 2518 1092 2547 uero
1120 2504 1353 2546 doctrinae
1386 2519 1528 2559 aeque
1558 2504 1880 2560 propemodum

248 2582 551 2637 ignaruni,ac
581 2580 691 2623 siin
729 2581 875 2635 ahqua
914 2581 1116 2623 barbada
1151 2581 1370 2623 educatus
1411 2581 1585 2632 fissssen
1624 2581 1763 2623 nosni
1804 2596 1882 2637 per

247 2659 574 2701 confessionem
600 2658 856 2713 generalem
883 2657 1128 2713 expiatum,
1154 2665 1197 2700 et
1215 2658 1318 2701 fidei
1341 2659 1552 2700 edoctum
1577 2658 1788 2701 articulos
1813 2672 1878 2700 re-

248 2735 490 2789 hquerunt.

335 2823 405 2863 43.
473 2811 583 2852 Illud
610 2825 716 2854 uero
740 2811 979 2866 praecipue
1003 2811 1047 2852 in
1070 2811 1139 2852 his
1163 2810 1451 2853 missionibus
1476 2825 1640 2866 magna
1669 2825 1770 2853 cum
1804 2812 1878 2854 ad-

249 2886 482 2930 miratione
511 2888 723 2941 probatur
754 2887 797 2928 in
833 2888 1015 2942 uulgus,
1048 2887 1168 2941 quod
1201 2893 1378 2929 nostros
1408 2887 1564 2929 uident
1591 2902 1691 2929 cuin
1722 2888 1879 2930 salutis

248 2962 476 3004 hominum
501 2964 614 3005 adeo
639 2963 882 3014 studiosos,
908 2971 1002 3005 tum
1027 2978 1135 3006 uero
1164 2979 1189 3006 a
1216 2963 1462 3019 cupiditate
1492 2964 1552 3006 ita
1581 2974 1792 3017 remotos,
1830 2971 1879 3007 ut

248 3038 329 3092 ipsi
353 3038 502 3093 potius
525 3040 579 3081 de
604 3054 685 3081 suo
709 3040 876 3094 aliquid
900 3040 1012 3091 aliis,
1039 3055 1123 3083 ceu
1147 3039 1331 3092 rosaria,
1361 3040 1583 3095 spiritales
1610 3040 1781 3084 libellos
1805 3041 1876 3083 uel
