1971 3276
296 241 366 275 300
805 221 994 275 PonANC1
1022 247 1337 274 COMPLEMENTA

249 342 542 394 auditoribus,
570 341 646 396 qui
680 350 723 383 et
749 340 920 383 nobiles
951 347 994 383 et
1027 341 1286 394 frequentes
1317 340 1499 382 fuerunt
1523 340 1757 394 quottidie.
1796 343 1883 384 Pu-

253 427 443 474 gnatum
469 427 536 461 est
568 419 700 461 etiam
733 432 757 459 a
786 416 1047 458 doctoribus
1077 416 1247 458 romani
1277 416 1501 471 gymnasii
1529 424 1572 458 et
1601 432 1626 458 a
1654 418 1884 460 monachis

253 495 536 538 diuersorum
571 494 801 545 ordinum,
834 508 1025 547 quorum
1059 492 1193 546 aliqui
1231 493 1355 547 plura
1388 507 1519 547 quam
1551 501 1808 548 optaremus
1840 494 1883 536 in

252 579 431 613 nostrae
455 570 694 614 Societatis
716 571 893 612 laudem
919 570 1254 624 praefabantur.
1282 569 1556 611 Honestauit
1579 571 1696 611 hanc
1720 570 1885 613 littera-

251 663 350 689 rum
377 662 573 702 pugnam
600 646 853 701 praesentia
877 646 1171 688 cardinalium
1204 646 1483 700 aliorumque
1512 647 1809 701 praelatorum
1834 662 1885 691 ac

250 724 489 766 illustrium
520 724 733 765 uirorum.
761 723 1107 765 Terminabatur
1134 736 1240 763 uero
1259 722 1524 777 disceptatio
1549 723 1748 776 quotidie
1768 738 1887 766 nouo

250 800 398 855 aliquo
429 808 472 842 et
506 801 650 843 faceto
685 799 1032 854 epigrammate,
1061 814 1085 839 a
1119 813 1257 853 puero
1282 813 1384 840 cum
1417 806 1655 841 uenustate
1686 814 1883 854 pronun-

249 877 380 919 ciato.
412 877 608 919 Habitae
632 883 737 918 sunt
763 885 851 917 tres
876 875 1117 927 orationes,
1153 890 1241 917 una
1270 876 1325 917 de
1354 875 1562 917 laudibus
1585 889 1739 918 sacrae
1763 878 1885 919 theo-

248 953 412 1008 logiae,
444 953 586 1014 primo
616 953 688 996 die
723 967 811 1007 quo
836 952 1119 1006 theologicae
1150 953 1302 994 theses
1332 953 1712 1006 proponebantur;
1748 953 1885 994 altera

248 1029 291 1070 in
316 1029 753 1072 commendationem
781 1028 1106 1083 philosophiae,
1132 1035 1292 1082 quarto
1315 1027 1402 1081 die,
1430 1042 1520 1081 quo
1546 1027 1884 1082 philosophicae

249 1106 576 1161 disputationes
601 1105 953 1156 inchoabantur3
982 1104 1112 1147 tertia
1136 1105 1191 1147 de
1217 1104 1409 1146 utilitate
1433 1119 1483 1146 ac
1506 1104 1727 1159 dignitate
1752 1104 1884 1145 trium

252 1183 529 1237 linguarum,
558 1181 807 1236 composita
833 1183 974 1223 tribus
1003 1182 1195 1236 linguis,
1229 1189 1272 1222 et
1296 1189 1459 1223 octauo
1487 1181 1560 1224 die
1584 1180 1724 1232 dicta,
1752 1195 1885 1235 quam

248 1268 431 1302 secutus
454 1267 521 1301 est
544 1259 752 1314 dialogus
775 1274 854 1302 seu
880 1258 1200 1313 tragicomedia
1220 1258 1263 1300 in
1285 1258 1499 1300 auaritiae
1518 1258 1882 1309 detestationem,

249 1337 380 1379 cuius
398 1345 526 1379 actus
545 1336 727 1378 musicis
747 1336 1132 1378 modulationibus
1151 1335 1568 1390 distinguebantur3
1590 1342 1689 1377 acta
1708 1342 1775 1378 est
1796 1349 1885 1377 ma-

249 1413 328 1455 iori
354 1427 579 1454 concursu
605 1427 738 1468 quam
770 1412 1051 1467 superiorum
1083 1426 1327 1460 annorum,
1353 1419 1398 1453 et
1430 1411 1595 1466 placuit
1624 1418 1714 1453 tam
1738 1412 1888 1453 fabula

249 1504 380 1544 quam
406 1498 596 1533 actores:
629 1489 813 1531 Christo
837 1488 998 1544 gratia,
1024 1489 1079 1530 ad
1104 1488 1233 1530 cuius
1256 1487 1445 1543 gloriam
1471 1495 1515 1529 et
1539 1489 1753 1530 honorem
1778 1489 1892 1530 haec

251 1567 400 1609 omnia
425 1568 699 1609 referuntur.

339 1654 408 1697 25.
480 1644 677 1686 Promoti
704 1651 810 1686 sunt
835 1658 913 1685 sex
937 1644 992 1685 ad
1017 1643 1339 1694 sacerdotium,
1366 1650 1410 1685 et
1439 1642 1579 1698 pridie
1607 1643 1889 1685 instauratio-

249 1721 318 1762 nis
342 1721 594 1762 studiorum
617 1720 755 1762 creati
781 1727 886 1762 sunt
916 1732 966 1773 14
990 1719 1193 1774 magistri
1217 1719 1260 1760 in
1284 1718 1470 1773 artibus,
1493 1719 1652 1774 partim
1671 1718 1889 1773 germani,

249 1797 406 1852 partim
426 1797 622 1851 bohemi,
645 1811 834 1851 quorum
859 1796 1172 1851 condiscipuli,
1195 1795 1270 1849 qui
1289 1795 1420 1837 simul
1438 1795 1598 1837 artium
1617 1795 1888 1837 curriculum

248 1873 417 1916 emensi
448 1880 598 1926 erant,
633 1887 735 1915 cum
772 1872 912 1914 nihilo
944 1872 1093 1914 minus
1123 1871 1247 1927 digni
1280 1886 1333 1914 eo
1363 1872 1506 1926 gradu
1535 1879 1708 1926 essent,
1742 1879 1890 1914 tamen

248 1964 350 1991 cum
376 1949 419 1990 hi
446 1949 560 1990 tituli
581 1964 667 1990 non
694 1948 785 1992 sint
808 1948 1049 1992 necessarii
1073 1948 1116 1990 in
1140 1948 1237 1990 aliis
1261 1948 1525 2003 regionibus
1548 1962 1681 2002 quam
1704 1948 1748 1989 in
1767 1948 1888 1991 Ger-

249 2026 408 2078 mania,
433 2040 522 2080 quo
544 2025 805 2080 hujusmodi
839 2024 1043 2080 magistri
1074 2024 1279 2068 mittendi
1305 2032 1426 2078 sunt,
1462 2024 1652 2079 promoti
1682 2038 1771 2066 non
1796 2026 1888 2067 fue-

248 2111 368 2145 runt.
389 2103 635 2158 Magisterii
655 2110 806 2146 autern
827 2101 1057 2144 candidati
1079 2116 1238 2144 omnes
1256 2109 1331 2144 aut
1351 2101 1395 2143 in
1420 2101 1609 2156 publicis
1632 2109 1709 2143 aut
1732 2101 1775 2142 in
1800 2102 1889 2157 pri-

249 2180 363 2222 uatis
406 2179 787 2234 disputationibus
831 2180 1064 2221 doctrinae
1109 2193 1221 2221 suae
1263 2179 1504 2233 specimem
1561 2179 1888 2234 praebuerunt,

248 2270 438 2310 quorum
459 2255 721 2297 modestiam
741 2263 784 2298 et
803 2255 1151 2297 submissionem
1173 2254 1217 2296 in
1239 2268 1292 2296 eo
1317 2255 1462 2309 gradu
1486 2254 1790 2309 suscipiendo,
1816 2268 1889 2296 ex-

251 2332 363 2375 terni
387 2339 665 2387 spectatores
690 2346 777 2373 non
802 2330 1096 2373 admiratione
1127 2332 1289 2382 solum,
1318 2331 1397 2374 sed
1422 2330 1556 2374 etiam
1582 2331 1890 2373 admurmura-

251 2409 373 2452 tione
397 2417 440 2450 et
465 2409 790 2463 propemodum
815 2409 1009 2450 clamore
1033 2407 1221 2462 professi
1251 2415 1374 2450 sunt.

339 2486 408 2528 26.
476 2485 636 2528 Studia
653 2487 738 2527 hoc
757 2499 878 2527 anno
899 2491 1114 2527 renouata
1137 2491 1242 2525 sunt
1264 2483 1422 2525 maiori
1437 2498 1660 2526 concursu
1678 2491 1884 2527 externo·

249 2575 346 2603 rum
375 2561 747 2603 scholasticorum
777 2575 909 2615 quam
942 2574 1139 2614 unquam
1169 2561 1404 2611 hactenus,
1431 2560 1492 2602 ita
1520 2567 1569 2602 ut
1599 2560 1685 2602 iam
1709 2561 1887 2602 schola-

248 2651 344 2678 rum
370 2637 592 2692 angustiis
614 2637 883 2679 laboremus.
906 2636 1131 2691 Quocirca
1154 2635 1417 2679 dialecticae
1435 2635 1740 2691 gymnasium,
1762 2636 1882 2690 quod

249 2723 317 2757 est
353 2715 554 2756 omnium
595 2713 945 2768 amplissimum,
973 2712 1048 2755 uix
1088 2726 1246 2767 capere
1280 2719 1427 2766 potest
1450 2726 1607 2755 omnes
1645 2711 1888 2762 auditores,

250 2805 306 2833 ex
331 2791 494 2844 quibus
518 2789 686 2833 assidui
714 2789 894 2844 quidem
926 2788 1100 2832 externi
1127 2789 1198 2840 80,
1226 2788 1367 2830 nostri
1389 2796 1538 2831 autem
1564 2798 1616 2842 35
1644 2802 1887 2830 numeran-

250 2874 338 2918 tur;
367 2874 415 2907 ut
441 2874 591 2908 autem
621 2866 665 2908 in
695 2866 766 2908 his
795 2867 935 2908 multa
964 2865 1195 2920 praeclara
1226 2864 1408 2919 ingenia
1431 2873 1475 2907 et
1500 2878 1691 2917 magnae
1723 2863 1816 2918 spei
1846 2869 1890 2905 et

250 2942 578 2996 expectationis
607 2942 908 2997 reperiuntur,
935 2942 997 2984 sic
1021 2941 1154 2984 etiam
1179 2941 1222 2982 in
1250 2940 1350 2991 illis,
1378 2955 1568 2995 quorum
1592 2940 1792 2996 plerique
1815 2940 1883 2981 le-

249 3017 421 3060 ctiones
439 3017 642 3060 scribunt
660 3032 711 3060 ac
730 3018 906 3073 publice
924 3025 1152 3072 repetunt,
1173 3025 1218 3059 et
1237 3019 1388 3060 theses
1407 3024 1664 3072 proponunt
1683 3030 1734 3058 ac
1759 3024 1884 3058 tuen-
