1971 3276
283 211 351 246 302
799 205 988 240 POLANC1
1016 210 1330 239 coMPLEMENTA

237 319 478 367 uagentur,
510 310 556 351 in
585 307 752 350 scholis
775 321 799 349 a
824 304 1192 362 praeceptoribus
1223 300 1443 345 contineri
1468 300 1630 354 solent,
1665 306 1802 354 atque
1825 306 1874 340 ut

237 389 332 431 dies
350 402 503 431 sacros
527 387 596 443 pie
621 392 870 439 sancteque
897 383 1131 425 traducere
1158 396 1182 423 a
1206 378 1372 423 teneris
1391 382 1646 430 asuescant,
1668 375 1875 431 psalmos,

236 465 429 516 litanias,
452 464 652 518 aliasque
671 461 950 518 precationes
969 459 1228 510 decantare,
1250 463 1294 500 et
1317 454 1607 497 christianam
1627 451 1875 494 doctrinam

236 541 441 586 certatim
466 548 660 582 tractare
684 552 735 581 ac
760 543 962 592 repetere
981 535 1224 589 jubentur,
1256 532 1402 586 aliqua
1422 529 1714 585 imaguncula
1737 526 1876 569 nomi-

237 618 306 660 nis
334 618 443 661 IEsv
467 615 605 658 veluti
630 613 827 670 praemio
853 611 939 654 illis
964 609 1211 666 proposita,
1241 608 1316 664 qui
1340 605 1590 664 promptius
1612 604 1877 658 fideliusque

239 693 513 750 praescripta
539 690 830 734 reddiderint.

330 782 401 824 27.
467 771 536 812 De
569 766 864 823 quottidianis
899 764 1201 812 sacerdotum,
1233 769 1323 803 tam
1357 758 1706 803 domesticorum
1747 769 1880 811 quam

240 846 561 903 collegialium,
598 841 989 899 occupationibus,
1026 839 1136 882 nihil
1171 845 1238 882 est
1273 837 1394 892 quod
1424 834 1608 879 uberius
1639 832 1878 886 scribatur,

242 939 345 967 cum
370 924 430 975 id,
457 922 589 965 sicuti
614 928 682 963 est
704 919 937 976 proprium
971 915 1228 968 Societatis,
1252 915 1313 957 ita
1342 913 1528 969 quilibet
1560 910 1796 954 aestimare
1819 909 1881 951 fa-

241 1001 327 1045 cile
352 1000 508 1056 possit.
535 998 681 1042 Festis
704 996 823 1041 enim
847 996 1022 1047 diebus,
1047 1007 1137 1036 non
1162 992 1312 1034 minus
1337 1004 1470 1045 quam
1495 987 1718 1044 profestis,
1743 999 1877 1028 occu-

241 1078 330 1134 pati
350 1084 454 1120 sunt
477 1076 521 1118 in
540 1073 901 1118 confessionibus
920 1069 1174 1120 audiendis,
1195 1069 1251 1111 ad
1268 1081 1381 1122 quas
1399 1077 1723 1121 saepenumero
1743 1076 1798 1106 ex
1820 1062 1878 1105 le-

241 1154 470 1197 ctionibus
493 1158 805 1204 accersuntur,
832 1149 1016 1205 perinde
1048 1146 1175 1202 quasi
1207 1151 1380 1201 praeter
1411 1140 1650 1187 Societatis
1678 1139 1882 1182 homines

242 1231 353 1274 nulli
387 1231 474 1272 iam
509 1227 842 1284 quodammodo
877 1225 985 1278 sint,
1012 1223 1088 1279 qui
1128 1237 1180 1265 ea
1211 1221 1425 1277 proximis
1458 1218 1603 1261 officia
1637 1223 1879 1272 praestent.

244 1308 364 1352 Laici
389 1321 568 1362 quoque
591 1304 731 1347 nostri
749 1301 1023 1355 scholastici,
1045 1299 1130 1342 nisi
1149 1298 1225 1354 qui
1245 1297 1406 1340 missae
1426 1310 1477 1338 ac
1502 1293 1703 1349 uesperis
1721 1293 1882 1334 decan-

246 1384 391 1428 tandis
416 1384 460 1425 in
485 1383 651 1437 templo
670 1386 849 1432 uacant,
871 1392 961 1420 non
987 1377 1134 1419 minus
1153 1389 1286 1430 quam
1309 1373 1565 1416 sacerdotes
1584 1376 1880 1425 occupantur,

243 1462 402 1504 diebus
420 1458 682 1516 praesertim
702 1456 887 1508 feriatis;
910 1454 1018 1509 quin
1037 1453 1082 1494 in
1102 1450 1296 1508 publicis
1314 1448 1548 1500 custodiis,
1570 1444 1880 1498 xenodochiis,

246 1536 477 1593 paroeciis,
511 1535 631 1590 quod
662 1534 796 1590 paulo
826 1538 931 1574 ante
966 1529 1185 1583 diximus,
1218 1526 1560 1577 concionantur,
1593 1530 1643 1566 ut
1670 1537 1726 1565 ex
1760 1528 1885 1564 tanto

244 1628 431 1657 numero
460 1626 676 1668 perquam
707 1609 839 1666 pauci
863 1608 908 1650 in
931 1606 1124 1662 collegio
1144 1610 1429 1650 remaneant.
1452 1603 1492 1645 A
1518 1599 1707 1657 prandio
1731 1605 1882 1641 autem

245 1698 344 1747 post
369 1698 500 1733 tonos
525 1688 576 1743 ¹²,
603 1702 716 1743 quos
740 1686 854 1730 terni
881 1684 1006 1728 festis
1030 1684 1249 1726 duntaxat
1274 1680 1435 1724 diebus
1459 1680 1609 1722 facere
1631 1676 1792 1726 solent,
1818 1689 1883 1718 re-

246 1769 417 1823 liquum
441 1766 526 1809 diei
554 1764 758 1820 uesperis
781 1761 1020 1805 audiendis
1044 1767 1088 1803 et
1111 1773 1265 1802 sacrae
1289 1756 1470 1801 lectioni
1496 1754 1642 1797 Patris
1665 1751 1817 1795 vicarii
1840 1751 1884 1793 in

247 1844 410 1899 templo
435 1842 664 1884 tribuitur.
692 1841 844 1883 Noctu
863 1845 966 1881 ante
991 1851 1177 1879 coenam
1202 1848 1334 1877 casus
1351 1831 1654 1875 conscientiae
1678 1828 1883 1873 sacerdo-

248 1921 367 1962 tibus
390 1918 602 1962 omnibus
628 1931 678 1960 ac
706 1915 965 1970 theologiae
990 1913 1287 1963 auditoribus,
1318 1910 1393 1965 qui
1426 1910 1481 1951 ad
1510 1921 1566 1961 40
1595 1913 1715 1959 sunt,
1740 1904 1883 1960 expli-

248 2003 425 2040 cantur.
448 1995 621 2038 Diebus
645 1994 689 2035 in
713 1999 868 2034 nostro
887 1989 1125 2046 gymnasio
1144 1987 1315 2031 feriatis
1332 1994 1375 2028 et
1399 2000 1530 2027 mane
1549 1981 1759 2026 sabbathi
1782 1995 1885 2023 con-

249 2072 511 2126 trouersiae,
540 2078 587 2112 ut
610 2072 771 2112 horum
805 2076 1053 2122 temporum
1085 2065 1198 2108 ratio
1229 2063 1441 2119 postulat,
1471 2059 1694 2115 theologis
1723 2059 1886 2100 dunta-

250 2158 324 2192 xat
357 2148 536 2205 publice
566 2146 870 2190 declarantur.
908 2145 964 2185 Et
996 2140 1312 2197 pomeridianis
1342 2139 1479 2189 horis,
1506 2137 1580 2192 qui
1605 2149 1768 2191 graece
1801 2149 1885 2177 no-

252 2234 369 2278 runt,
395 2239 464 2278 ne,
496 2239 612 2279 quae
643 2235 809 2277 magno
833 2221 985 2262 labore
1009 2218 1249 2272 aliquando
1271 2215 1542 2267 didicerunt,
1577 2228 1654 2268 per
1684 2211 1886 2254 inertiam

251 2310 294 2345 et
318 2301 537 2345 incuriam
568 2300 796 2353 excidant,
829 2297 946 2338 intra
975 2294 1245 2337 domesticos
1276 2292 1466 2348 parietes
1502 2305 1554 2333 ea
1587 2295 1813 2344 repetunt,
1844 2295 1887 2330 et

253 2379 492 2422 lectionem
517 2377 711 2432 aliquam
737 2374 943 2417 audiunt.
974 2373 1213 2414 Praeterea
1236 2369 1396 2413 diebus
1413 2366 1607 2421 veneris,
1634 2372 1683 2407 ut
1706 2364 1885 2414 assolet,

255 2456 427 2511 priuata
460 2455 652 2497 habetur
686 2450 956 2501 exhortatio,
995 2446 1373 2503 quemadmodum
1411 2444 1531 2486 domi
1572 2444 1636 2484 fit.
1680 2443 1737 2483 Et
1774 2441 1890 2483 inter

256 2532 537 2575 coenandum
576 2545 663 2571 non
696 2526 1006 2571 intermittitur
1041 2524 1321 2579 quottidiana
1355 2520 1529 2572 concio,
1557 2519 1715 2561 tamin
1751 2517 1891 2573 prima

257 2623 389 2662 quam
422 2608 467 2649 in
499 2607 697 2649 secunda
725 2619 900 2657 mensa,
942 2616 1044 2644 cum
1085 2601 1170 2642 iam
1209 2606 1390 2654 propter
1421 2595 1757 2638 multitudinem
1799 2607 1887 2634 non

258 2683 490 2738 pauciores
514 2683 606 2726 fere
628 2668 685 2724 ad
707 2680 951 2723 secundam
986 2691 1119 2732 quam
1143 2675 1198 2718 ad
1232 2674 1418 2729 primam
1455 2677 1677 2727 cogantur
1700 2669 1888 2712 accede-

258 2775 319 2802 re.
348 2758 596 2801 Dominicis
620 2766 770 2799 tamen
793 2756 974 2805 diebus,
1004 2768 1080 2808 pro
1113 2751 1350 2804 concione,
1378 2748 1520 2791 oratio
1543 2748 1598 2790 ab
1623 2746 1773 2800 aliquo
1797 2752 1886 2786 stu-

314 2941 341 2960 12
393 2941 568 2974 «Tonos»
597 2945 803 2982 nostrates,
822 2937 900 2983 jam
919 2937 969 2970 ab
989 2935 1112 2980 initio,
1134 2932 1326 2980 quoddam
1345 2928 1640 2966 declamationis
1659 2926 1890 2962 exercitium

258 3000 519 3045 appellabant,
540 2997 671 3032 confer
691 2998 722 3032 si
743 3002 854 3031 vacat
874 2996 1055 3029 Monum.
1077 2994 1228 3039 Ignat„
1250 3003 1324 3026 ser.
1351 2991 1415 3033 1.¹’,
1434 2988 1521 3033 XII,
1538 2986 1706 3029 686-087.
